1752 3118
636 193 644 215 l

483 272 720 327 *LIBRI
754 275 817 320 Π.
853 272 906 320 Υ.
950 300 954 303 ,
1023 286 1025 289 ’
1254 288 1357 324 xnv

49 405 131 454 tali
150 404 313 467 siguo;
330 397 479 462 ¹quod
500 397 561 453 ad
586 397 882 464 partitionem
906 396 963 445 ab
980 408 1173 445 auctore
1191 397 1360 446 factam

49 472 291 536 pertineat.
356 466 544 514 Diu-isio
568 481 724 515 autem
757 463 987 529 quaedam
1019 464 1174 528 operis
1200 478 1359 513 notata

51 552 119 586 est
152 537 342 594 litteris,
379 551 525 596 quae,
569 548 619 585 vt
647 531 951 597 opinorsed
980 532 1359 581 membranarum

6 632 8 653 s
49 605 165 652 alius
199 599 398 664 exempli
422 600 537 647 olim
570 599 994 663 conglutinatarum
1017 597 1231 646 ordinem
1258 610 1359 661 spe-

48 684 188 718 ctant.
254 665 492 715 Nimirum
521 666 643 715 Sect.
670 671 744 714 15.
783 664 832 727 §,·
851 676 893 711 2.
908 681 954 713 ·e=,
966 665 1166 728 :regione
1190 665 1357 717 verbo-2

48 755 156 785 rum
177 735 308 798 ἄλλη
338 750 414 790 τις
439 737 583 796 παρά
604 736 672 781 τοὶ
698 735 786 795 εἰρ.
807 730 931 787 ὁδὸς·
941 734 1026 779 ἐπὶ
1053 733 1120 779 τά
1142 729 1232 792 ὑψ.
1258 728 1357 779 vel·-

48 823 133 851 ’νει-
151 801 315 850 eadem
343 819 511 859 manu,
547 819 639 866 qua
665 799 818 849 codex
835 799 943 862 ipse
955 835 971 858 ,
1005 798 1180 862 scripta
1204 812 1274 845 est
1298 797 1360 845 ad

47 878 305 942 marginem
329 868 542 929 littera-[i
554 898 574 937 ,·
609 878 746 925 initio
775 875 1000 925 sectionis
1034 879 1121 923 16.2
1145 873 1360 941 ᾼύτόθι

48 954 228 1021 μέντοι
254 959 346 1004 καὶ
378 956 407 1003 0‘
426 974 476 1004 π.
505 973 578 1020 σχ.
600 956 813 1003 similiter
834 961 906 1015 I';
940 959 1051 1001 sect.
1081 958 1156 1003 50.
1179 954 1275 1001 init.
1301 951 1363 1001 ad

47 1033 252 1098 Ἓπειδή
275 1031 454 1097 μέντοι
476 1036 511 1100 ἤ
541 1033 636 1084 τοῦ
664 1035 706 1082 λ.
742 1036 854 1098 item
878 1025 952 1097 21,-
991 1047 1037 1082 et
1061 1032 1120 1081 ad
1151 1036 1226 1095 59.
1261 1031 1362 1081 init.

48 1109 110 1160 'H
127 1109 332 1177 πέμπτη
355 1116 547 1178 μοῖρα,
579 1102 633 1163 Ἐ
702 1111 863 1178 'Verba
890 1113 1065 1181 multa,
1100 1110 1243 1159 nullis
1266 1108 1366 1156 dis-

49 1191 178 1225 creta
212 1176 417 1243 spatiisj
451 1180 500 1227 in
531 1179 679 1229 vnum
709 1174 1000 1243 inn'g'fifi'mrg
1033 1192 1083 1229 vt
1106 1176 1156 1224 εἲ
1191 1179 1279 1224 ovd
1317 1190 1363 1223 et

51 1241 296 1308 ὅσαγετῆς
328 1245 549 1310 θεωρίας
581 1247 701 1311 (59,
742 1246 840 1310 L),
879 1240 1363 1311 dv'ayxoaepceyec‘vrdss

51 1309 342 1374 πράγματα,
358 1314 469 1377 (51,
496 1317 570 1375 1.).
604 1311 736 1370 Quin
761 1312 901 1359 etiam
920 1305 1032 1360 bina
1055 1311 1212 1367 verba,
1237 1327 1367 1356 com-

12 1432 13 1435 *
48 1375 228 1444 ‘pendio
254 1377 483 1442 scriptura
504 1379 551 1426 in
575 1398 719 1436 vnum
733 1379 912 1438 iuncta,
943 1373 1113 1442 passi'm
1134 1379 1368 1437 visuntur,

12 1446 14 1483 ἶ
53 1457 104 1493 vt
136 1443 199 1499 ὦς
224 1444 320 1491 εἴτι
348 1446 624 1509 στραγικόν
651 1450 772 1507 (50,
800 1447 879 1511 2..)
917 1444 1030 1494 Vid.
1065 1458 1111 1491 et
1129 1442 1368 1490 Addenda

11 1534 14 1551 ι
54 1508 116 1558 ad
137 1513 218 1572 55,
239 1513 280 1557 5.
304 1509 509 1559 Litterae
529 1525 639 1558 sunt
660 1511 857 1559 minoris
875 1513 1159 1576 scripturae:
1184 1523 1230 1557 et
1250 1528 1369 1556 non·
1440 1522 1451 1527 ’

12 1594 14 1623 ὲ
52 1576 291 1624 nullarum
321 1576 517 1639 quidem
543 1576 699 1627 forma
727 1595 876 1642 paene
905 1577 1131 1626 conuenit
1155 1595 1263 1623 cum
1287 1577 1342 1623 iis
1355 1591 1373 1637 ‚·

55 1642 229 1707 quibus
246 1642 468 1691 hodierni
489 1643 774 1709 typographi
792 1645 1010 1708 plerique
1033 1657 1237 1691 vtuntur.
1272 1643 1372 1691 Sed

12 1730 15 1754 2
48 1709 97 1768 ’β
127 1708 327 1756 sormam
357 1707 502 1756 habet
532 1727 663 1771 eam,
699 1727 819 1776 quae
849 1711 898 1758 in
925 1714 1117 1760 Potters
1154 1713 1242 1758 Gr.
1263 1714 1367 1759 Ar-

12 1774 15 1803 Ᾰ
54 1777 333 1837 cha'eologie
349 1779 424 1823 ed.
446 1779 702 1826 Rambaclz
726 1780 810 1826 le.
834 1779 938 1827 III.
962 1777 1079 1825 Tab.
1102 1776 1161 1823 V.
1183 1775 1373 1824 decimo

51 1841 167 1889 loco
197 1852 411 1906 ‘expressa
434 1857 529 1905 est,
562 1862 670 1892 nem
710 1862 734 1892 e
760 1863 815 1894 u,
852 1845 982 1893 velut
1000 1841 1370 1908 διαιιειιηκότα.

13 1907 14 1911 ’
53 1904 221 1972 Itaque
270 1923 382 1956 nota
424 1910 682 1978 tachygrap
721 1911 792 1974 ica
837 1911 894 1960 αἱ
936 1913 1167 1977 significat
1213 1910 1368 1969 βίου.-

52 1980 227 2039 'nempe
255 1975 579 2024 semicirculus
613 1995 756 2043 super
776 1998 796 2025 ι
818 1979 1002 2043 positus
1037 1977 1266 2041 significat
1290 1996 1368 2026 ov.

0 2068 3 2085 ε
53 2038 234 2089 Littera
258 2060 290 2106 η
315 2042 479 2090 similis
505 2057 574 2092 est
592 2044 807 2093 inuersae
830 2045 1111 2105 hodiernae,
1146 2058 1196 2093 vt
1215 2045 1372 2093 media

0 2127 2 2154 ι
55 2106 107 2153 in
131 2107 364 2167 αὔξὰσις,
379 2128 468 2175 pro
492 2111 735 2177 mb'gqmg:
767 2127 814 2160 et
832 2132 869 2159 κ
889 2112 947 2160 ad
971 2111 1190 2169 eandem,
1227 2129 1368 2175 quam

58 2191 116 2237 η,
148 2175 355 2239 speciem
376 2176 584 2237 accedit,
619 2180 709 2226 sub
736 2197 831 2243 qua
857 2191 906 2228 et
932 2179 981 2227 in
1006 2179 1078 2227 ed.
1101 2178 1370 2226 Robortelli

58 2256 194 2305 saepe
217 2243 435 2290 occurrit.
469 2243 525 2291 In
547 2245 724 2294 Potteri
740 2247 990 2294 Archaeol.
1013 2248 1045 2294 l.
1070 2246 1099 2293 l.
1118 2260 1186 2293 est
1207 2261 1371 2310 quarta

58 2308 218 2368 figura.
252 2307 378 2374 Ergo
401 2309 493 2358 ὰαὶ
512 2326 580 2359 est
600 2312 630 2359 i.
655 2330 700 2376 q.
727 2313 833 2361 καί.
870 2312 1020 2360 Porro
1039 2314 1194 2361 littera
1213 2314 1243 2360 λ
1271 2331 1370 2360 non

57 2373 326 2437 posteriore
350 2377 477 2425 linea
500 2379 620 2426 vltra
636 2379 887 2445 plerasque
901 2380 1078 2432 litteras
1101 2379 1368 2440 adscendit,

58 2452 110 2487 vt
144 2439 193 2486 in
225 2439 452 2491 hodierna
485 2446 743 2511 scriptura,
786 2446 871 2495 sed
903 2445 1062 2512 priore
1095 2446 1371 2494 tantundem

0 2540 1 2543 η
61 2504 283 2559 deorsum
308 2511 575 2574 porrigitur.
609 2512 788 2561 Littera
803 2534 832 2562 ν
848 2515 1046 2562 formam
1065 2513 1224 2574 habet,
1248 2531 1368 2578 quae

0 2611 2 2614 >
57 2572 111 2620 'in
143 2574 321 2621 Potteri
350 2576 496 2625 Arch.
528 2579 558 2626 l.
586 2579 615 2626 l.
643 2597 859 2644 expressa
890 2597 959 2630 est
980 2582 1189 2646 septima‘
1260 2580 1298 2626 F
1301 2598 1369 2628 re-

1 2654 7 2703 ;
62 2656 209 2704 quens
242 2644 449 2691 occurrit
476 2644 525 2693 in
549 2645 619 2694 ed.
641 2647 906 2697 Robortelli
940 2663 984 2697 et
1006 2649 1053 2696 in
1078 2648 1178 2695 aliis
1199 2647 1367 2695 editio-
