1752 3118
456 312 554 359 DE
587 309 824 360 LIBRO
856 312 920 359 Π.
955 313 1003 360 Y.
1238 331 1391 364 cxxlx

79 440 334 487 submissa.
402 433 500 484 Sed
527 450 719 501 apparet
725 439 1026 499 facultatem
1054 435 1213 498 potius
1235 436 1409 497 signifi-

80 506 177 552 cari
197 515 297 552 tam
325 521 416 551 sua
438 522 588 566 qaam
604 507 815 552 aliorum
834 507 967 550 (licta
988 504 1214 550 sublimia
1232 507 1407 551 discer-

79 574 228 620 nendi
242 589 276 618 a
304 573 504 617 tumidis
519 573 855 633 siuefrigidis.
904 567 1092 617 Deinde
1116 575 1268 633 πεῖρα
1291 589 1407 618 uum

79 640 181 685 eius
212 652 290 684 tan
302 650 400 691 tum
428 650 526 696 est,
563 639 645 701 qui
675 636 775 702 ipse
802 651 1008 684 versatus
1031 636 1167 682 estin
1198 635 1405 685 dicendo

76 717 156 751 aut
190 702 476 765 scribendo;
512 721 609 767 quo
639 718 780 751 sensu
805 721 822 749 1
842 740 856 765 ‚
880 707 925 750 4.
957 702 1162 768 positum
1191 702 1404 765 videtnr3

76 788 133 817 an
156 770 293 817 latius
317 782 470 834 patet,
515 783 565 819 vt
583 771 626 818 ei
655 771 794 818 etiam
817 770 1074 828 tribuatur,
1112 770 1195 834 qui
1229 770 1406 818 multo-

73 855 182 884 rum
215 837 460 885 orationes
490 836 671 885 audiuit
702 852 747 885 et
786 836 937 898 legit?
997 836 1239 884 Posterius
1271 837 1406 884 haud

76 901 221 950 dubie
237 903 555 968 probandum.
599 903 721 951 Nam
741 904 892 958 critici
906 921 1002 951 non
1020 903 1285 951 necessario
1304 921 1406 952 esse

76 969 253 1018 debent
292 971 530 1018 exercitati
560 984 773 1019 oratores
803 985 849 1019 et
878 986 1057 1035 poetae.
1126 970 1405 1035 Opponitur

76 1051 232 1084 autem
253 1036 372 1084 haec
391 1038 676 1101 experientia
699 1042 947 1086 sollertiae
964 1040 1231 1096 iudicandi,
1263 1055 1402 1102 quae,

73 1121 172 1154 nou
199 1103 426 1167 acquisita
446 1105 650 1152 multum
668 1104 876 1169 legendo
899 1119 946 1151 et.
966 1103 1230 1162 audiendO,
1254 1105 1403 1152 ratio-

74 1187 157 1216 nes
183 1188 209 1218 e
239 1171 307 1217 rei
334 1186 498 1218 natura
526 1173 711 1236 repetit.
768 1171 849 1218 Sic
870 1171 1032 1218 eadem
1061 1175 1154 1233 59,
1182 1175 1225 1219 5.
1248 1188 1402 1236 oppo-

72 1237 227 1299 nitur,
263 1250 314 1286 vt
329 1238 566 1286 sufficiens
579 1274 597 1297 ,
634 1238 902 1287 rationibus
923 1237 1084 1286 multis
1105 1252 1210 1286 ante
1234 1239 1400 1286 allatis.

625 1350 665 1415 ς.
698 1350 863 1399 xxn.

173 1437 272 1486 Sed
305 1439 471 1504 quaeri
498 1453 683 1505 potest,
727 1441 955 1489 sententia
973 1439 1106 1488 hunc
1126 1439 1176 1486 in
1200 1435 1400 1487 modum

75 1506 308 1570 explicata
343 1525 458 1554 num
490 1525 685 1572 prorsus
714 1509 774 1555 sit
806 1524 925 1556 vera.
971 1507 1083 1555 Non
1111 1523 1220 1553 sane
1247 1505 1399 1553 cuiuis

72 1586 198 1639 patet
214 1610 230 1631 ,
269 1575 474 1621 multum
494 1575 698 1638 legendo
725 1588 772 1622 et
791 1573 1031 1622 audiendo
1053 1573 1142 1621 tale
1166 1571 1399 1620 iudicium

71 1639 249 1704 parari,
292 1654 341 1688 vt
371 1641 525 1687 statim
563 1640 748 1703 videas,
775 1640 902 1704 ‘quid
933 1657 1042 1688 vere
1072 1640 1133 1687 sit
1165 1639 1396 1701 sublime,

72 1704 195 1770 quid
217 1718 381 1752 contra
402 1706 527 1753 inani
546 1707 704 1771 specie
720 1707 1023 1754 sublimitatis
1043 1723 1091 1753 se
1109 1705 1262 1752 iactet.
1297 1705 1398 1753 Ho-

0 1772 1 1818 ἶ
71 1771 153 1819 die
175 1771 371 1836 quidem
398 1791 510 1821 cum
533 1776 800 1822 aestlzetica
823 1774 872 1821 in
897 1775 1098 1822 formam
1120 1771 1398 1837 disciplinae

69 1838 435 1905 philosophicae
462 1839 654 1888 redacta
674 1841 790 1903 sint,
826 1857 1096 1904 magnoque
1122 1837 1282 1886 studio
1302 1853 1399 1887 tra-

70 1919 284 1964 ctentur,
321 1907 460 1954 multi
484 1908 681 1955 fortasse
703 1922 896 1972 putent,
932 1904 1180 1955 audiendis
1211 1904 1270 1952 de
1302 1906 1395 1953 hac

71 1972 316 2020 doctrinae
340 1988 474 2037 parte
503 1973 812 2039 philosophis
836 1974 1112 2038 legendisue
1141 1973 1276 2019 libris
1298 1991 1397 2020 non

72 2058 130 2088 ex
148 2056 201 2087 ea
214 2075 227 2100 ,
264 2038 350 2087 sed
367 2040 428 2088 de
451 2058 504 2088 ea
529 2040 713 2106 scriptis
727 2042 939 2089 breuiori
957 2042 1029 2090 via
1049 2057 1099 2088 se
1116 2057 1255 2104 posse
1271 2039 1395 2086 istuc

70 2106 336 2170 peruenire.
381 2107 486 2155 Nec
506 2108 579 2155 illi
605 2125 715 2156 sane
743 2127 768 2156 a
794 2126 942 2174 scopo
966 2109 1208 2168 aberrent,
1244 2105 1394 2153 modo

70 2189 132 2220 ne
156 2172 377 2233 credant,
413 2172 690 2223 definitione
711 2175 968 2224 memoriae
995 2172 1210 2222 mandata
1233 2187 1281 2220 et
1299 2189 1394 2222 vno

72 2240 291 2303 exemplo
327 2242 649 2306 qualicunque
695 2243 925 2290 illustrata
958 2239 1255 2290 sublimitatis
1301 2240 1398 2286 vim

74 2323 266 2354 omnem
297 2324 348 2354 se
374 2308 514 2373 plane
547 2310 829 2375 percepisse.
894 2310 1211 2357 Luculentam
1243 2322 1397 2353 exem-

71 2372 265 2437 plorum
292 2390 347 2420 ex
371 2375 562 2438 optimis
592 2377 905 2441 scriptoribus
927 2377 1182 2442 petitorum
1205 2374 1397 2438 copiam

73 2438 293 2486 adhiberi
311 2454 521 2505 oportet:
557 2458 629 2503 et,
668 2443 801 2508 quod
828 2459 971 2509 caput
989 2457 1084 2501 est,
1122 2457 1221 2488 nou
1244 2438 1395 2487 modo

71 2523 235 2554 sensus
256 2523 418 2554 eorum
448 2509 645 2574 percipi,
671 2510 755 2558 sed
778 2511 915 2559 etiam
942 2511 1011 2559 vis
1033 2508 1195 2556 sentiri
1221 2506 1396 2565 debet3

72 2591 161 2620 nec
181 2572 345 2620 doceri
370 2588 545 2623 tantum
568 2578 732 2624 subtili
754 2577 1072 2643 disputatione
1095 2574 1237 2622 debet
1256 2572 1398 2620 disci-

72 2641 233 2704 pulus,
257 2640 339 2688 sed
355 2643 492 2689 etiam
515 2645 742 2707 exemplis
764 2645 1018 2710 propositis
1045 2641 1245 2691 moueri.
1283 2640 1395 2686 Hoc

73 2707 164 2755 nisi
196 2710 274 2771 fit,
308 2709 570 2762 verendum
602 2724 699 2774 est,
734 2728 795 2761 ne
826 2712 1094 2779 symbolica
1119 2722 1306 2758 tantum
1337 2705 1398 2752 sit

1003 2798 1020 2825 l
