1752 3118
239 276 336 345 ΕΤ
369 289 731 341 SCRIPTIS
766 289 1126 340 LONGINJ.
1227 308 1381 340 mm<

66 424 190 473 liber·
219 419 462 481 Longini,
497 418 701 479 priscae
736 417 1011 478 sapientiae
1048 416 1276 476 studiosi,
1323 419 1383 463 cle

66 489 342 549 Principiis,
414 482 568 539 Quam
593 481 854 547 Porphyrii
869 495 1075 530 mentem
1101 481 1220 529 vidit
1237 481 1384 528 etiam

66 554 309 605 Fabricius
329 550 455 598 Bibl.
476 549 558 597 Gr.
583 549 724 597 Tom.
744 548 826 595 lV.
851 568 893 614 p.
918 552 1027 596 116.
1049 563 1096 596 et
1120 551 1230 596 456.
1267 548 1388 595 Om-

66 625 182 671 nino
196 635 467 685 germanum
479 618 783 664 Platonicum
799 617 942 663 fuisse
955 616 1230 680 Longinum
1245 650 1259 674 ,
1285 632 1389 662 non

66 688 217 739 modo
245 687 425 733 clarum
447 698 518 731 est
549 701 605 730 ex
627 684 786 745 libris,
823 696 906 730 aut
927 683 1201 746 fragmentis
1227 683 1388 747 potius

67 757 327 812 librorum,
365 769 486 815 quae
519 765 795 815 supersunt,
843 749 928 797 sed
964 751 1115 797 multo
1147 751 1295 813 magis
1331 765 1392 797 ex

69 819 434 870 Commentariis
461 817 522 865 ad
546 817 796 865 Platonem
823 815 1233 882 interpretandum
1261 834 1396 874 com-q

68 888 255 955 paratis.
342 885 457 933 Eius
506 884 915 933 Commentarium
979 885 1032 931 in
1081 881 1393 932 Phaedonem

68 968 304 1005 memorat
356 953 422 1001 Ol
456 954 743 1017 mpiodorus
794 952 1154 1000 Commentario
1203 951 1390 1000 inedito

69 1024 119 1071 in
168 1020 371 1069 eundem
410 971 652 1083 tiialogum
693 1038 738 1084 p.
769 1023 879 1081 579.
943 1020 997 1066 D.
1040 1019 1158 1075 Πῶς
1195 1018 1284 1067 δια
1323 1021 1392 1067 τι)

67 1088 324 1154 χρήματα
356 1085 547 1144 πάντες
572 1089 625 1135 οἱ
657 1084 877 1150 πόλεμοι
906 1085 1142 1147 γίνονται
1155 1105 1175 1145 ,·
1211 1087 1399 1134 πολλοὶ

70 1161 172 1221 γάρ
191 1158 286 1203 καὶ
311 1154 377 1204 δι’
397 1154 561 1210 ἄλλας
585 1153 759 1209 αἰτίας
781 1151 1035 1214 ἐγένοντο.
1070 1150 1255 1217 ῥητέον
1276 1151 1398 1210 οὖν,

72 1224 136 1280 ὦς
157 1224 257 1286 μὲν
281 1219 660 1286 Ἁρποκρατίων
674 1254 688 1275 ,
721 1221 756 1285 ἢ
774 1217 854 1267 ὅτι
873 1222 960 1268 ἐπὶ
987 1224 1046 1267 τὸ
1071 1222 1335 1277 πλεῖστον,
1363 1221 1401 1284 ἢ

74 1288 155 1338 ὅτι
178 1292 274 1337 καὶ
296 1289 330 1353 ἠ
356 1288 456 1336 τῶν
479 1285 731 1352 λαφύρων
755 1288 900 1343 &abac
922 1286 1166 1335 ἐπιτείνει
1192 1290 1285 1335 τὸν
1310 1285 1402 1335 πό-

72 1359 247 1420 λεμον.
282 1356 347 1412 ὦς
378 1353 434 1403 δὲ
466 1356 749 1416 Λογγῖνος,
782 1357 850 1402 τι)
886 1356 1036 1412 ἐκτὸς
1067 1353 1244 1402 πάντα
1269 1352 1401 1419 χρή-

74 1443 223 1486 ματα
253 1424 428 1470 καλεῖ·
485 1424 538 1469 οἱ
571 1420 627 1468 δὲ
657 1421 877 1470 Ἀττικοὶ
908 1423 1178 1487 ἐξηγηταὶ,
1221 1421 1403 1486 ἐπειδὴ»

78 1489 317 1554 ὀργάνοις
345 1487 579 1551 χρῶνται
609 1492 716 1542 τοῖς
738 1487 979 1550 χρήμασι
1008 1487 1200 1544 πάντες
1229 1491 1283 1535 οἱ
1311 1506 1402 1536 πο-

76 1557 369 1618 λεμοῦντες.
403 1551 633 1602 Eiusdem
646 1551 1053 1600 Commentarium
1072 1555 1123 1601 in
1132 1553 1402 1617 Timaeum,

77 1625 155 1673 vel
189 1622 350 1688 potius
383 1621 433 1668 in
468 1619 770 1686 prooemium
802 1619 1016 1680 Timaei,
1069 1622 1406 1686 saepelaudat

75 1690 282 1739 Proclus
302 1687 355 1734 in
381 1685 588 1735 eundem
617 1684 885 1751 dialogum,
925 1699 1150 1752 tanquam
1172 1707 1218 1754 p.
1233 1706 1307 1737 10.
1327 1707 1402 1738 11.

0 1800 1 1816 1
82 1759 156 1805 16.
181 1773 261 1805 20.
289 1771 365 1802 21.
422 1771 502 1819 99.
534 1756 612 1801 50.
640 1755 719 1800 65.
744 1757 821 1815 98.
889 1753 1005 1802 Non
1032 1755 1174 1803 facile
1211 1771 1406 1821 putem,

0 1823 1 1827 ’
77 1824 228 1873 vllum
248 1822 559 1886 interpretem
577 1820 716 1868 tantis
736 1820 915 1885 ingenii
941 1836 988 1870 et
1005 1820 1249 1871 doctrinae
1270 1841 1407 1888 prae·

80 1890 211 1938 sidiis
236 1887 296 1937 ad
321 1888 602 1953 scriptorem
626 1887 833 1953 aliquem
855 1889 1188 1953 explicandum
1203 1927 1216 1951 ‚
1253 1909 1407 1956 quan-

78 1958 138 2004 tis
161 1956 410 2019 Longinus
437 1953 500 2002 ad
522 1956 795 2015 Platonem,
828 1957 1098 2007 accessisse.
1162 1957 1310 2006 Cuius
1340 1959 1407 2007 li·-

78 2025 195 2073 bros
238 2025 415 2072 vtinam
457 2023 789 2087 fanaticorum>
816 2023 1154 2088 interpretum,
1216 2026 1408 2088 Procli,

80 2091 303 2140 Hermiae
326 2106 373 2139 et
395 2089 734 2155 Olympiodori
753 2090 931 2139 iactura
954 2091 1188 2141 redimere
1215 2093 1405 2141 liceret!

80 2158 266 2206 Paucas
293 2157 558 2206 admodum
583 2157 792 2222 Longini
818 2158 1156 2223 explicationes
1177 2161 1421 2224 Proclus,

83 2226 262 2290 quippe
295 2232 455 2274 veram
489 2224 833 2290 interpretandi
866 2226 1097 2274 rationem
1121 2265 1135 2290 ,
1194 2246 1288 2293 qua
1323 2229 1407 2276 ille

82 2292 321 2354 Vtebatur,
354 2310 469 2359 prae
499 2293 697 2359 mystica
722 2310 806 2340 sua
839 2298 1409 2357 contemnens,'afferen-

85 2357 169 2405 das
193 2359 387 2423 putauit.
447 2359 630 2408 Tamen
652 2378 713 2407 ex
738 2361 901 2425 paucis
927 2361 1021 2409 illis
1045 2377 1260 2428 apparet,
1298 2381 1409 2412 eum

84 2442 185 2472 non
216 2425 371 2473 solum
398 2444 500 2487 res,
536 2427 645 2488 sed,
681 2428 908 2493 quoniam
935 2428 1073 2478 Plato
1112 2448 1137 2477 a
1166 2432 1411 2480 scribendi

87 2508 282 2555 quoque
306 2494 534 2556 elegantia
555 2496 758 2560 spectari
778 2496 954 2559 voluit,
975 2498 1116 2546 etiam
1135 2499 1279 2547 verba
1302 2517 1408 2564 per-

86 2573 304 2605 secutum
341 2577 452 2608 esse.
521 2561 682 2621 quat,
730 2563 941 2628 aliquot,
996 2567 1202 2631 exempli
1239 2584 1405 2626 causa,

87 2642 342 2689 apponere.
387 2626 466 2674 Ad
479 2627 601 2676 Tim.
622 2648 666 2694 p.
686 2633 795 2677 525.
815 2631 872 2678 A.
907 2631 1030 2679 hane
1054 2634 1407 2681 annotationem

11 2743 13 2767 :
87 2689 250 2740 laudat
281 2693 482 2743 Procius
512 2714 568 2761 p.
591 2713 663 2759 ¹9·
698 2699 951 2760 Λογγῖνος
980 2702 1081 2763 μὲν
1113 2703 1169 2749 ἐν
1201 2699 1410 2758 τούτοις
