1752 3118
299 298 381 339 366
585 295 813 338 NOTAE
851 284 933 338 AD
976 297 1056 338 DE
1083 295 1333 343 sanIM.

301 418 363 450 est
383 409 532 449 tertiae
551 422 752 463 personae
773 413 1022 466 pronomen)
1042 413 1114 451 sed
1139 426 1222 452 non
1243 414 1380 466 addit,
1410 430 1513 468 quae
1528 419 1619 469 quis

298 472 535 519 exspectet,
542 465 803 533 huiusmodi
826 470 971 506 veiha:
980 468 1197 536 βιάζεται
1208 475 1268 514 εἰς
1299 486 1352 510 τα
1381 473 1496 516 ἐντός
1524 473 1619 514 τού-

236 550 238 556 -
291 538 400 571 των,
431 520 507 572 ἀφ’
528 538 586 564 ων
603 523 914 564 απελαύνουσιν
935 522 1064 565 αὐτον
1085 531 1129 565 οἱ
1150 523 1289 580 νόμοι.

382 579 571 633 ⁸uovovov'
583 581 691 632 μίαν
712 581 745 618 λ.
775 584 833 623 εἰς
850 579 924 619 δύο
945 580 1092 620 διασπ.
1115 582 1344 635 πρόσωπα]
1378 586 1511 624 Vnum
1530 599 1618 623 ver-

296 635 392 674 bum
411 633 480 671 hic
499 633 654 672 dicitur
686 635 792 673 illud
824 631 892 678 69.-
920 632 1041 687 quod
1071 650 1156 674 non
1188 645 1325 689 potest
1356 652 1442 676 non
1472 638 1619 680 haberi

291 697 362 729 tel
366 690 444 728 tiae
465 702 680 752 personae,
711 693 785 745 (is,
811 692 913 745 qui),
944 699 1163 743 antequam
1185 694 1437 743 vocatiuum,
1454 710 1486 733 ω
1507 711 1616 749 μια-

294 760 474 798 ρωτατε,
514 745 604 797 quis
632 745 799 798 legerit;
837 747 909 784 sed
936 754 1080 799 postea
1112 750 1345 787 necessario
1368 749 1619 790 habendum

291 808 359 839 est
380 801 582 839 secundae
604 814 828 852 personae,
856 802 948 854 (tu,
978 802 1078 857 qui).
1133 803 1241 855 Ergo
1266 807 1553 859 propemodum
1574 810 1620 845 in

293 858 399 896 duas
420 871 616 909 personas
643 858 846 895 diuulsum
873 866 945 896 est.

376 910 482 952 τόν
469 911 578 963 πρός
600 911 706 952 τόν
691 911 772 951 ’1,0.
790 915 824 951 7..
845 911 1143 967 ἀποστρέψας]
1176 913 1238 951 De
1260 914 1340 953 hoc
1369 915 1492 953 loco
1480 929 1525 952 m
1548 915 1617 953 di-

293 981 462 1008 versum
483 969 637 1005 abeunt
653 968 918 1019 interpretes,
975 968 1100 1007 Aliud.
1124 975 1185 1006 est
1201 968 1274 1010 τόν
1294 969 1401 1035 πρός
1416 985 1488 1010 τον
1507 969 1619 1022 Ἀρι-

292 1026 536 1090 στογείτονα
556 1020 682 1074 λόγον
702 1022 1004 1077 άποστοέψαι,
1035 1024 1152 1063 aliud
1173 1040 1246 1065 τον
1265 1024 1327 1065 λό
1314 1041 1388 1078 yov
1405 1024 1618 1078 ἀποστρέ-

290 1088 418 1131 ψαι
406 1077 512 1131 πρός
532 1094 604 1118 τον
618 1077 962 1133 Αριστογείτονα.
1018 1080 1172 1126 Quod·
1161 1081 1352 1132 inprimis
1377 1081 1617 1119 notandum.

290 1134 432 1181 Quale
463 1141 579 1173 recte
606 1135 675 1173 vir
704 1135 986 1182 doctissimus,
1027 1138 1124 1175 Cum
1151 1150 1388 1185 sermonem,
1427 1151 1506 1190 quo
1532 1140 1618 1176 iam

289 1193 617 1244 Aristogitonem
635 1192 1009 1243 allocutussuerat,
1040 1193 1180 1230 abillo
1212 1195 1438 1235 auertisset.
1495 1192 1618 1239 Quod

288 1246 362 1285 vel
385 1259 438 1285 ex
461 1260 582 1285 sensu
598 1247 683 1285 loci
705 1246 967 1285 manifestum
991 1254 1064 1285 est.
1094 1247 1130 1285 T
1131 1259 1293 1287 ovrlvs.
1332 1248 1486 1296 Miror,
1507 1261 1616 1298 quo-

289 1302 416 1342 modo
438 1302 474 1340 T
476 1302 626 1353 oupius
646 1302 798 1340 vitium
816 1303 903 1340 loci
926 1316 1011 1341 non
1027 1302 1187 1352 videre,
1214 1303 1456 1354 Pearciique
1479 1303 1614 1341 inter'-

287 1357 594 1411 pretationem,
626 1373 718 1396 cum
739 1372 1034 1398 sermonem..
1060 1363 1294 1406 auertisset,
1326 1360 1505 1410 probaie
1536 1372 1615 1410 po·-

286 1414 430 1465 tuerit.
487 1413 610 1451 Aliud
626 1422 725 1451 sane
748 1419 810 1451 est
831 1413 904 1455 τόν
923 1427 994 1465 πρ.
1016 1431 1050 1454 τ.
1072 1412 1152 1467 Ἀρ.
1177 1413 1302 1467 λόγον
1320 1412 1615 1467 αποστρέψαι,

289 1469 405 1508 aliud
430 1467 503 1509 τόν
526 1471 561 1508 λ.
582 1463 763 1522 αποστῤ.
787 1483 896 1522 προς
916 1486 986 1511 τον
1004 1469 1364 1523 Ἀριστογείτονα.-
1393 1470 1477 1511 sed<
1495 1470 1614 1520 prius

287 1526 339 1564 ab
357 1524 551 1564 11001000
571 1539 742 1576 prorsus
761 1532 822 1564 est
854 1526 1058 1574 alienum,
1083 1525 1286 1579 posterius
1317 1526 1439 1564 vnice
1470 1531 1615 1575 aptum

288 1587 330 1619 et
347 1594 509 1618 verum.
568 1580 694 1627 Quod
726 1581 862 1630 addit,
898 1582 968 1620 vel
999 1594 1054 1621 ex
1082 1595 1205 1619 sensu
1233 1581 1318 1620 loci
1348 1581 1613 1619 manifestum

288 1650 399 1681 esse,
428 1636 472 1673 id
494 1637 598 1676 mihi
621 1637 792 1688 videtur
813 1637 1050 1694 ambiguum
1083 1644 1125 1675 et
1158 1637 1400 1675 obscurum:
1436 1635 1508 1673 sed
1543 1642 1615 1674 aut

285 1692 440 1730 falsum
462 1699 535 1741 est,
563 1699 635 1731 aut
651 1692 696 1730 in
714 1693 859 1731 orbem
878 1693 1074 1734 vertitur.
1129 1691 1214 1743 Ego
1236 1692 1365 1743 igitur
1385 1691 1613 1729 articulum

285 1746 360 1788 τόν
381 1753 476 1785 ante
497 1746 606 1801 πρός
628 1748 835 1786 sublatum
851 1762 925 1787 suo
945 1748 1040 1786 loco
1069 1748 1209 1799 posui,
1238 1754 1333 1785 ante
1367 1745 1512 1798 λόγον,
1539 1746 1612 1786 vbi

283 1804 358 1842 ille
379 1804 615 1842 necessario
635 1803 882 1855 requiritur.
938 1803 1018 1842 Vbi
1046 1803 1157 1841 enim
1185 1802 1483 1841 Demosthenes
1516 1817 1612 1840 ora-

284 1863 457 1907 tionem,
497 1875 578 1912 qua
605 1866 688 1898 iam
713 1863 1036 1913 Aristogitonem
1070 1860 1270 1897 allocutus
1286 1859 1454 1924 suerat,
1483 1858 1533 1896 ab
1565 1871 1611 1895 eo

286 1917 471 1954 auertit?
512 1916 599 1953 [mo
631 1928 733 1954 vero
767 1916 905 1953 omnia
934 1915 1027 1962 illa,
1072 1927 1174 1966 quae
1210 1914 1313 1952 inde.
1338 1914 1388 1952 ab
1417 1907 1450 1951 ὦ
1489 1927 1610 1967 μιαρ.

283 1970 490 2022 Longinus
513 1971 741 2023 exceipsit,
769 1984 955 2023 quaeque
982 1971 1069 2023 ipse
1087 1969 1385 2008 Demosthenes
1414 1968 1611 2020 deinceps

282 2027 422 2064 addita
440 2026 589 2076 habet,
619 2027 670 2065 ad
690 2026 1015 2091 Aristogitonem
1044 2038 1246 2064 conuersa
1264 2031 1370 2064 sunt.
1426 2022 1478 2062 Et
1501 2038 1525 2062 a
1540 2024 1611 2062 iu-

282 2082 443 2120 dicibus
463 2082 537 2120 ille
551 2056 719 2121 111οἀ111
706 2096 749 2120 111
768 2082 971 2121 sententia
987 2082 1219 2119 orationem
1237 2081 1409 2119 auertit:
1437 2093 1534 2117 nam
1553 2079 1609 2117 fl-

283 2138 328 2176 10
349 2135 417 2186 ὃς,
448 2150 529 2189 quo
552 2151 668 2190 spem
702 2138 752 2176 iis
783 2139 942 2176 fecerat
968 2137 1142 2176 rationis
1171 2136 1500 2188 cognoscendae,
1540 2148 1609 2173 eos

279 2193 485 2242 destituit,
517 2201 559 2232 et
579 2201 754 2245 repente
775 2194 1097 2245 Aristogitonem
1127 2191 1287 2243 alloqui
1316 2198 1358 2230 et
1389 2192 1610 2242 increpare

280 2249 462 2301 incipit(
501 2250 785 2288 Veruntamen
802 2249 1069 2297 sententiam,
1099 2261 1221 2299 quam
1249 2247 1467 2299 reliquisse
1486 2246 1610 2285 vide-

279 2305 429 2353 batur,
470 2318 546 2357 per
579 2305 753 2357 figuram
788 2305 956 2350 affectus
983 2304 1165 2342 indicem
1192 2301 1282 2352 (διοὶ
1314 2303 1391 2343 τοῦ
1421 2301 1609 2351 πάθους)

281 2360 414 2398 multo
437 2362 601 2411 grauius
624 2362 868 2400 enuntiauit.
898 2360 959 2397 Cf.
982 2366 1068 2398 not.
1087 2373 1171 2411 seq.

368 2416 637 2470 ἐπέστρεψεν]
667 2416 717 2455 Η;
751 2430 784 2454 0.
818 2417 984 2464 direxit,
1025 2416 1114 2453 siue
1146 2418 1346 2455 conuertit
1374 2415 1433 2453 ad
1455 2422 1607 2453 eertum

280 2475 414 2513 Iocum
433 2475 698 2525 1¹elseopum5
725 2479 766 2510 et
781 2473 851 2510 hic
875 2472 1063 2523 quidem,
1094 2473 1152 2510 ad
1178 2472 1333 2511 iudices
1362 2479 1476 2509 recta
1507 2484 1605 2508 con-

280 2532 415 2569 vertit.
474 2527 715 2579 Opponitur
747 2528 1005 2566 antecedenti
1037 2525 1333 2583 ἀποστρέψας.
1387 2526 1449 2564 Ita
1485 2538 1545 2571 12,
1565 2525 1604 2562 3.

279 2583 551 2637 philosophus
575 2582 650 2623 οὐκ
671 2586 983 2635 ἑπέστραπται,
1015 2598 1097 2622 non
1123 2585 1239 2623 welde
1269 2583 1447 2622 directus
1475 2581 1605 2619 tendit

281 2641 342 2679 ad
365 2654 542 2706 scopum.
599 2639 708 2678 Hinc
734 2639 1008 2678 Philostratus
1042 2640 1182 2692 aliquo
1214 2641 1310 2678 loco
1340 2633 1605 2687 ἑπιστροφην

280 2696 388 2747 εἶχεν
419 2696 443 2736 ὁ
472 2694 594 2750 λόγος
620 2699 697 2736 καὶ
725 2693 905 2750 ἕῤῥωτοε
944 2709 1040 2735 nam
1072 2708 1176 2748 quae
1214 2695 1372 2735 directa
1406 2698 1603 2732 tenentur

1734 1099 1752 1622 *mm—*amhn
1744 1066 1752 1093 -.·-·.
1747 1047 1752 1060 ..

1744 1014 1752 1042 -m
1741 831 1752 1007 -ι..ι,.ι-...ιι..ῑ-.«.
1734 613 1752 817 nna—ansulam„
1747 595 1752 603 .
1743 474 1752 589 „nn—12.-.
1746 420 1752 467 .-..-,.
1748 395 1750 398 v
1750 359 1752 361 .
