1838 3232
414 316 539 348 „xxw
839 301 1291 350 PRAEFATIO

413 454 524 484 men
554 450 738 486 tantum
764 438 1018 502 fragmenti
1044 438 1320 487 terminans.
1388 435 1477 498 Etj
1519 451 1571 486 vt
1600 457 1733 487 nunc

383 552 386 556 v
415 524 632 590 quidem·
652 530 833 588 sentio,
868 529 1067 577 minime
1096 526 1445 593 poenituisset2
1474 545 1552 576 me
1575 543 1735 576 totum

406 633 597 663 .munus
620 618 1030 683 non-expleuisse,
1058 620 1174 684 quia
1199 632 1299 665 tota
1315 617 1400 663 illa
1422 634 1549 681 pars,
1572 618 1613 664 si
1635 637 1737 669 non

417 704 460 751 A
467 706 619 769 psinis
643 720 742 765 est,·
773 707 860 755 sed
879 688 1114 772 Longini,
1150 711 1280 756 cei-te
1300 722 1400 754 non
1421 705 1613 755 videtur
1636 709 1737 755 eius

419 812 519 843 esse
531 794 741 860 Longini
758 796 1078 864 autDionysii
1090 834 1104 856 ,
1127 798 1208 845 cui
1227 797 1411 844 librum
1432 799 1552 861 περὶ
1570 794 1741 858 ὕψους

407 883 666 933 debemus.
709 910 712 912 ·
734 886 956 937 Fortasse
979 887 1488 954 particulafragmenti
1513 901 1740 950 extrema,

382 1006 385 1009 -
421 973 458 1035 ᾗ.
501 980 574 1022 14.
610 979 680 1041 (p.
718 982 828 1026 208.
861 979 915 1025 in
946 977 1237 1026 hac.nost1·a
1267 976 1363 1042 ed.)
1398 994 1523 1042 quae
1554 990 1600 1025 et
1625 978 1744 1024 alibi

420 1063 648 1128 Longino
672 1068 854 1116 tributa
881 1083 978 1129 est,
1010 1067 1363 1115 Ruhnkenium
1386 1067 1570 1126 mouit,
1608 1081 1659 1115 vt
1679 1066 1744 1114 de

423 1155 596 1203 ceteris
616 1157 775 1219 etiam,
799 1175 925 1223 quae
945 1174 1059 1204 cum
1083 1176 1136 1206 ea
1151 1157 1437 1213 cohaerent,
1456 1156 1595 1204 aliter
1614 1155 1745 1203 iudi-

422 1259 576 1308 caret,
620 1254 766 1314 quam
799 1248 952 1296 oratio
984 1248 1101 1312 ipsa
1125 1248 1287 1311 cogit:'
1323 1265 1463 1309 nami,
1505 1265 1598 1311 pro
1633 1264 1744 1294 meo

419 1352 563 1382 sensu
578 1372 592 1398 ,
627 1338 773 1395 nihil
794 1338 954 1386 «habet
989 1337 1086 1385 τοῦ
1130 1339 1280 1402 περὶ
1325 1334 1530 1399 ὕψους
1574 1336 1746 1384 simile.

421 1423 501 1473 De
523 1426 791 1491 fragmento
816 1429 908 1476 isto
931 1427 1182 1476 hactenus·

524 1603 678 1661 Quod
708 1605 859 1654 modo
891 1606 1172 1671 Longinum
1205 1626 1231 1654 a
1257 1607 1484 1670 Longino
1523 1605 1747 1666 distinxi,

427 1706 474 1739 et
492 1683 720 1761 Dionysii
747 1696 888 1744 etiam
902 1732 916 1754 ,
953 1696 1092 1761 quasi
1113 1691 1278 1760 inepte
1300 1695 1657 1745 dubitationem
1683 1695 1753 1743 si·-

424 1782 639 1848 mulans,
672 1786 873 1835 adiunxi
892 1804 1073 1835 nomen
1088 1823 1102 1848 ‚
1138 1786 1192 1832 id
1212 1786 1424 1851 pertinet
1443 1784 1506 1832 ad
1532 1784 1754 1850 disputa-

426 1872 607 1922 tionem
639 1873 822 1924 Amatii
857 1877 954 1923 iam
988 1895 1136 1941 supra
1172 1889 1633 1936 commemoratum,
1668 1893 1753 1923 se—

429 1963 651 2029 cundum
684 1985 832 2033 quam
869 1981 1120 2014 auctorem
1154 1966 1270 2013 libri
1307 1968 1426 2031 περὶ
1459 1963 1630 2028 ὕψους
1664 1982 1754 2029 ego

428 2072 528 2102 non
540 2055 942 2122 iamLonginum,
961 2056 1024 2104 de
1047 2074 1146 2121 quo
1161 2056 1487 2104 Ruhnkenius
1505 2057 1556 2102 in
1577 2054 1754 2103 dissei-a

430 2145 615 2194 tatione
639 2149 758 2211 egit,
795 2166 898 2197 esse
920 2161 1106 2207 statuo,
1146 2145 1235 2194 sed
1257 2146 1412 2193 alium
1442 2143 1754 2194 excellentio-

427 2236 495 2282 ris
527 2237 708 2300 ingenii
747 2252 793 2287 et
820 2238 1068 2287 doctrinae
1104 2237 1385 2298 hominem,
1429 2234 1518 2300 qui
1545 2233 1756 2297 Augusti
1820 2286 1825 2290 ,

427 2327 528 2375 fere
551 2327 722 2376 vixerit
738 2343 901 2377 aetate.
938 2329 1081 2377 Clare
1106 2327 1162 2375 id
1186 2327 1235 2375 h.
1262 2327 1294 2374 l.
1313 2325 1534 2391 profiteri
1557 2324 1758 2389 placuit,

430 2416 566 2482 quod
595 2418 738 2467 etiam
768 2419 831 2467 ad
863 2438 906 2482 1,
936 2437 976 2466 1.
998 2416 1181 2466 additis
1206 2416 1456 2466 nonnullis
1491 2414 1552 2462 ad
1576 2413 1759 2462 Amatii

430 2506 561 2555 dicta
588 2509 803 2572 firmaui3
840 2510 1073 2575 quoniam
1106 2526 1280 2574 parum
1306 2520 1580 2555 constanter
1607 2504 1758 2568 egisse

431 2595 626 2654 videos,
671 2600 760 2663 qui
790 2615 1007 2649 ceterum
1040 2600 1092 2646 in
1126 2595 1635 2646 animaduersionibus
1672 2610 1760 2640 noa

433 2704 548 2735 men
573 2685 808 2753 Longini,
843 2702 1090 2753 tamquam
1113 2689 1326 2741 auctoris
1358 2686 1561 2736 minime
1591 2682 1761 2744 dubii,

1834 380 1838 406 -.
1833 235 1838 359 -ψμ-...Δ
1835 188 1838 218 ..m
1831 130 1838 179 Α...
1836 85 1838 100 Δ.
1836 68 1838 73 .
