1752 3118
466 292 563 344 DE
596 290 934 350 LIBROII,
968 296 1017 345 Γ.
1183 313 1394 348 cxxxvit

87 426 204 473 viter
231 436 428 479 cuncta,
464 434 754 483 quocunque
787 417 1066 479 inciderint,
1114 421 1395 468 consociatis

84 491 294 540 vii-’ibus
282 487 566 553 impellente.
626 484 792 560 Itaque
812 488 958 549 paulo
979 487 1084 551 plus
1103 487 1212 533 artis
1237 500 1397 551 postu-

83 559 168 607 lari
187 554 407 606 videtur
396 573 446 602 m
466 553 548 600 illa
563 551 789 615 congerie
805 551 1026 618 Sapphus
1041 553 1246 609 carmine
1261 571 1398 608 mon-

85 639 250 686 strata,
284 639 428 687 quam
444 621 494 669 in
515 619 712 683 vulgari.
750 636 752 638 ’

581 730 619 795 §-
655 730 892 804 xxvm.

152 851 155 854 ⁴
180 824 306 872 Sect.
329 841 403 871 11.
436 836 483 871 et
503 839 579 874 12.
603 839 752 886 vsque
777 820 838 873 ad
866 821 1082 873 lacunam
1110 834 1278 872 auctor
1311 834 1400 870 tra-

80 905 204 939 ctare
236 890 438 939 instituit
471 893 914 953 exaggerationem.
958 886 1041 936 Ad
1075 888 1199 937 hanc
1232 903 1401 946 tracta-

78 958 259 1005 tionem
283 956 531 1007 verbosius
558 957 641 1005 ille
674 973 761 1003 nec
792 955 902 1007 satis
928 956 1196 1020 composite
1223 957 1401 1021 praefa-

81 1039 171 1072 tui.
238 1024 337 1072 Sed
355 1039 514 1073 tamen
536 1022 745 1070 ostendit
765 1022 1086 1087 paragraphus
1111 1041 1170 1083 2,
1205 1022 1401 1073 defendi

79 1106 126 1139 ct
145 1090 416 1139 confirmari
437 1091 528 1136 hac
550 1089 842 1167 praefatione
861 1089 983 1137 illud
1008 1089 1215 1153 primum
1224 1126 1242 1150 ,
1260 1090 1399 1155 quod.

80 1157 287 1218 dixerat,
321 1154 593 1219 σύνεδρον,
626 1158 1017 1210 coniunctam
1043 1175 1147 1205 esse
1180 1175 1290 1207 cum
1316 1176 1400 1205 re·-

79 1226 167 1272 bus·
181 1234 298 1273 ante
314 1225 571 1286 explicatis
588 1225 1038 1284 exaggerationem,
1065 1223 1178 1288 quia
1197 1223 1337 1275 etiam
1346 1224 1402 1271 in

77 1290 178 1338 hoc
212 1289 472 1338 sublimitas
506 1288 658 1336 inesse
692 1289 890 1349 debeat,
939 1286 1061 1337 adeo
1095 1303 1146 1339 vt
1177 1289 1294 1367 sine·
1311 1292 1403 1338 hac

5 1357 7 1360 ⁴
78 1358 159 1405 illa
182 1357 242 1405 sit
260 1374 437 1422 corpus
461 1355 621 1408 animo
643 1373 858 1406 vacuum.
904 1355 962 1404 In
981 1356 1258 1409 tractatione
1280 1356 1400 1423 ipsa,

81 1442 201 1489 quae
246 1439 357 1472 sect.
409 1440 486 1472 12
533 1438 685 1488 vsqne
737 1420 795 1469 ad
841 1422 1057 1479 lacunam
1101 1423 1400 1484 continetur,

81 1491 240 1540 omnia
263 1504 373 1542 sunt
399 1491 463 1542 ita
491 1490 733 1548 breuiter,
785 1492 1050 1554 composite
1077 1504 1123 1538 et
1150 1490 1402 1556 perspicue

82 1575 170 1605 nec
197 1575 296 1606 non
323 1557 561 1612 subtiliter
584 1555 739 1618 dicta,
782 1570 832 1604 vt
865 1555 987 1603 nibil
1015 1557 1114 1608 fere
1144 1557 1297 1606 simile
1319 1556 1403 1604 ha-

81 1626 273 1672 beamus
315 1637 419 1672 toto
459 1623 510 1670 in
543 1623 683 1670 libro.
763 1622 1087 1678 subtilitatem
1115 1637 1274 1672 tamen
1306 1625 1403 1672 foi-

82 1706 197 1739 tasse
230 1691 338 1759 quis
364 1688 645 1738 desider'et
633 1708 683 1735 ιιι
709 1688 1080 1753 reprehensione
1109 1689 1400 1751 definitionis

80 1759 138 1805 ab
172 1759 276 1805 aliis
308 1771 567 1823 vsurpatae
647 1756 837 1808 Dicitur
864 1773 1064 1821 nempe,
1098 1774 1201 1814 eam
1228 1757 1426 1821 pariter.

77 1824 241 1872 l1abe1i
265 1841 407 1890 posse
430 1842 520 1889 pro
547 1822 821 1871 defini-tione
845 1823 1172 1885 sublimitatis,
1208 1826 1426 1872 affectus·

81 1905 127 1939 et
157 1907 424 1957 troporum.
494 1889 590 1939 Sed
621 1890 804 1955 opponi
830 1892 1015 1956 potest,
1048 1890 1099 1938 in
1122 1861 1203 1938 illa
1236 1890 1402 1940 rheto-

80 1978 185 2006 rum
221 1958 496 2007 definitione
530 1961 627 2020 τήν
668 1957 890 2022 αὔξησιν
936 1956 1032 2006 dici
1065 1956 1254 2019 λόγον,·
1311 1959 1401 2006 sub

79 2025 238 2086 λόγου
272 2038 427 2074 autem
452 2026 598 2078 verbo
625 2041 812 2090 semper
838 2024 1041 2088 intelligi
1061 2024 1325 2110 ποσότητα
1354 2039 1404 2073 et

80 2093 380 2156 περιουσίαν
402 2091 658 2157 quandam·
691 2108 846 2176 neque
866 2109 982 2142 vero
1000 2089 1136 2155 ὕψος
1155 2106 1203 2140 et
1223 2091 1401 2149 πάθος

81 2159 335 2209 commode
374 2159 628 2223 significari
660 2157 819 2220 λόγου
853 2159 1051 2207 nomine
1071 2197 1084 2223 ‚
1147 2160 1403 2224 multoque

80 2227 235 2274 minus
261 2225 509 2291 τρόπους,
542 2226 625 2291 qui
645 2225 874 2290 singulis
861 2244 911 2277 ιιι
934 2225 1180 2290 ὀνόμασι,
1212 2228 1399 2290 verbis,

80 2311 179 2341 non
202 2294 250 2341 in
272 2293 429 2359 λόγῳ,
471 2297 600 2343 dicto
612 2295 846 2358 pluribus
865 2295 1026 2350 verbis
1041 2304 1295 2352 constante
1318 2307 1402 2355 aut

81 2364 302 2411 oratione
321 2364 543 2424 longiore
566 2361 725 2410 insint.
791 2361 1116 2413 Veruntamen
1135 2360 1233 2410 hoc
1254 2377 1399 2409 nemo

80 2427 271 2491 negabit
293 2464 307 2489 ,
347 2429 520 2481 ⁴minus
559 2429 825 2493 ambiguam
853 2428 1104 2493 multoque
1135 2427 1402 2492 pleniorem

82 2509 129 2543 et
160 2495 398 2542 vtiliorem
421 2513 523 2544 esse
554 2494 879 2548 definitionem
902 2496 959 2543 ab
979 2495 1077 2544 hoc
1099 2510 1265 2544 nostro
1289 2494 1401 2542 rhe-

82 2575 185 2609 tore
209 2562 525 2627 propositam,
560 2563 739 2611 etiamsi
762 2578 945 2627 praeter
969 2580 1047 2622 ea,
1078 2561 1401 2641 quaeinterci-

84 2628 280 2687 demut,
331 2630 605 2679 omittantur
636 2647 806 2679 manca
833 2630 942 2694 illa,
997 2630 1165 2695 ταύτῃ
1201 2629 1291 2692 τῆς
1320 2626 1400 2676 πί·
1429 2670 1431 2672 ,

84 2712 232 2753 στεως
259 2695 470 2754 διεςῶσα
492 2710 578 2745 etc.
