1752 3118
0 490 2 546 V

131 211 409 287 LoNcllvl
442 244 525 285 DE
560 242 731 288 szL.
758 242 934 287 SECT.
971 245 1122 286 XXIX.
1146 248 1278 295 XXX.
1310 251 1388 294 103

70 359 302 425 quoniam'
322 359 374 406 in
394 356 531 405 libris
564 354 627 404 de
661 357 850 421 legibus
885 356 1032 414 dicit,
1076 376 1163 405 nec
1198 377 1384 420 argen-

79 458 207 496 teum
232 465 320 495 nec
341 463 548 495 aureum
573 449 773 494 Plutum
805 448 857 494 in
888 449 1005 496 vrbe
1046 451 1381 496 collocandam

0 567 1 570 =
68 535 435 598 (dedicandum)
459 553 579 595 esse,
618 534 846 584 irrident:
887 536 1098 601 quippe,
1134 536 1379 601 inquiunt,

64 627 110 673 in
132 638 325 691 promtu
345 639 428 685 est,
449 624 490 672 si
509 624 863 690 possessiouem
891 625 1061 672 ouium
1083 624 1378 674 interdicere

62 715 304 773 voluisset,
346 726 475 762 certe
501 731 613 763 eum
645 713 848 761 ouinum
882 726 964 762 aut
996 713 1234 761 boninum
1255 713 1372 761 Plu-

57 818 160 851 tum
188 802 430 851 dicturum
458 803 620 854 fuisse.
654 801 760 851 Sed
806 803 1031 865 sufficiat,
1061 802 1369 862 Terentiam,

59 891 120 940 de
150 910 239 940 vsu
264 893 529 957 figurarum
553 891 614 940 ad
639 892 984 949 sublimitatem
1010 892 1132 941 haec
1156 893 1372 941 breuiter

55 981 347 1047 disputasse:
399 1000 511 1030 nam
535 1001 616 1031 eae
631 1000 797 1032 omnes
827 990 968 1049 (quas
989 981 1241 1049 descripsi)
1267 1000 1372 1030 ora-

54 1071 236 1120 tionem
280 1074 652 1121 commotiorem
679 1071 885 1121 reddere
929 1072 1113 1134 solent3
1160 1090 1373 1121 commo-

55 1160 122 1208 tio
169 1175 330 1209 autem
360 1161 507 1209 animi
543 1161 609 1208 ita
646 1179 762 1208 cum
792 1161 1084 1210 sublimitate
1130 1162 1372 1223 cohaeret,

52 1264 103 1298 vt
125 1263 308 1298 morata
336 1250 488 1298 oratio
523 1268 633 1299 cum
657 1249 992 1310 delectatione.

490 1405 576 1457 SE
589 1408 628 1455 C
643 1405 707 1461 T..
752 1405 917 1464 XXX.

54 1493 165 1566 Sed
200 1537 314 1573 cum
346 1536 422 1567 res
459 1532 506 1568 ct
541 1519 688 1568 verba
723 1519 1015 1584 plerumque
1059 1536 1111 1566 se
1155 1517 1365 1565 inuicem

49 1607 318 1670 illustrent,
353 1624 440 1670 age
463 1607 595 1670 iam,
622 1608 662 1655 si
697 1608 820 1672 quid
855 1607 917 1666 de
951 1609 1054 1672 ipsa
1090 1607 1368 1656 elocutione

49 1711 295 1761 superest,
340 1695 394 1743 id
434 1715 566 1744 nunc
608 1696 869 1746 videamus·
949 1697 1120 1761 Itaque
1169 1693 1368 1743 delectu

46 1785 364 1850 propriorum
396 1799 443 1834 et
474 1785 855 1851 splendidorum,
873 1787 1136 1840 verborum
1167 1782 1368 1831 audito-

48 1876 124 1922 res
157 1874 284 1923 mire
320 1874 468 1922 adlici
505 1890 551 1924 et
584 1876 820 1939 mulceri,
868 1894 1082 1941 eumque
1116 1873 1176 1923 ab
1212 1886 1368 1920 orato-

48 1963 180 2011 ribus
216 1977 262 2011 et
295 1964 400 2012 aliis
445 1966 761 2030 scriptoribus
806 1981 1005 2013 summo,
1041 1980 1153 2014 cum
1201 1960 1364 2010 studio

49 2051 290 2116 spectari,
319 2053 550 2119 quoniam
584 2054 759 2115 efficit,
794 2069 847 2106 vt
877 2054 930 2101 in
965 2053 1206 2111 oratione,
1239 2064 1395 2098 tam--

49 2159 195 2205 quam
242 2141 293 2188 in
338 2143 645 2208 pulcerrimis
689 2144 1005 2208 imaginibus,
1061 2141 1365 2205 magnitudo,

49 2230 363 2295 pulcritudo,
409 2248 537 2296 grata
571 2233 880 2298 simplicitas,
926 2230 1162 2288 efficacia,
1198 2232 1366 2290 robur,

49 2319 118 2367 vis
177 2334 223 2368 et
277 2321 395 2382 alia,
454 2322 494 2369 si
555 2341 679 2388 quae
737 2330 895 2379 sunt‚.'
929 2323 1242 2380 efflorescant,
1311 2339 1367 2368 ac

47 2424 292 2473 praeterea
327 2428 405 2462 res·
439 2411 590 2460 veluti
622 2430 746 2462 voce
782 2414 972 2468 animat,
1007 2426 1368 2476 superuacuum

45 2498 223 2561 fuerit,
292 2499 434 2548 ctiam
477 2500 855 2566 ,intelligentem
921 2499 1115 2551 docere.
1236 2498 1369 2546 Vere

49 2588 179 2636 enim
218 2587 510 2656 pulcritudo
545 2589 808 2642 verborum
851 2590 1051 2659 propria
1099 2587 1250 2637 menti
1285 2587 1369 2634 lux
