1752 3118
428 265 730 308 ssscrmrs.
757 267 839 308 1x.-
868 267 975 321 §··¹·
996 279 1042 307 2.
1308 268 1398 322 269

545 375 777 416 SECT.
829 376 901 417 IX.

176 461 218 517 §-
244 475 277 507 1.
318 459 674 517 παραστήματος]
714 459 956 506 Notandum
978 464 1082 511 puto
1113 460 1164 499 ab
1196 459 1310 509 aliis,
1345 460 1394 500 vt'

65 518 182 567 leue,
222 531 307 557 non
333 523 544 567 notatum,
593 518 636 556 in
663 517 849 555 editione
887 515 1060 554 Manutii
1087 504 1181 568 post
1211 516 1394 555 verbum

66 571 405 628 παραστήματος
425 586 511 611 esse
531 573 763 621 stellulam,
797 571 971 610 lacunae
988 577 1154 620 notam,
1191 571 1402 623 spatium-,

65 643 144 681 que
166 629 326 680 aliquot
345 628 573 667 verborum
594 641 787 667 vacuum.
827 626 908 666 Sed
929 625 1052 664 nihil
1052 626 1135 665 alii
1157 626 1208 665 de
1230 626 1395 675 lacuna,

65 697 198 736 neque
222 683 381 723 Gudius
415 683 459 721 in
495 684 689 736 exemplo
723 674 872 723 Dres‘d.
903 681 1128 746 quidquam
1159 681 1396 734 adscripsit.

64 739 218 788 Er·,10r
246 739 316 802 qui
337 739 528 788 videtur,
562 739 756 788 Manutii,
783 745 830 778 vt
852 738 1026 802 opinor,
1054 737 1153 777 inde
1171 739 1294 776 natus
1317 743 1393 786 est,

65 795 174 847 quod
204 795 391 847 priorem
421 794 643 848 periodum
672 794 895 834 terminari
925 793 1090 845 putauit
1110 793 1251 832 verbis
1284 790 1395 846 πρός

64 849 118 890 τοὶ
150 852 335 913 αεγ’.·ει9η
374 864 471 889 nam
501 850 603 890 haec
632 857 790 903 puncto
828 849 1021 889 distinxit
1049 863 1074 887 a
1109 848 1394 902 sequentibus,

62 909 139 945 καὶ
164 904 303 958 ὥσπερ
328 912 406 945 etc.
462 904 571 958 Ergo
593 919 737 944 errore
759 905 926 944 librarii
943 904 1074 944 verba
1095 904 1296 957 quaedam
1316 916 1395 943 ex-

64 961 212 1000 cidisse
244 963 437 1014 putabat,
479 975 573 1000 cum
595 961 683 1013 ipse
707 975 781 999 suo
804 961 943 1014 lapsus
975 966 1083 999 esset
1113 972 1285 1010 errore,
1324 959 1394 998 in-

63 1016 210 1056 ductus
229 1017 405 1056 fortasse
426 1016 532 1055 falsa
555 1017 710 1056 codicis
733 1016 1085 1069 interpunctione.

175 1099 215 1154 ς.
252 1113 290 1138 2.
341 1102 479 1148 Τίνα,
525 1098 677 1150 φήσει,
722 1097 906 1151 τρόπον,·
917 1096 942 1151 ]
987 1097 1072 1137 MS.
1104 1098 1196 1139 Vat.
1227 1097 1391 1150 φήσεις.

61 1154 157 1194 Non
188 1156 309 1194 male.
365 1160 428 1196 Ac
455 1159 636 1209 inquies,
675 1155 922 1193 amicissime
954 1154 1230 1203 Terentiam,
1276 1157 1394 1221 Quo-

65 1212 182 1249 modo
203 1211 395 1260 hoa-fieri
417 1214 561 1264 possit.
619 1212 665 1249 ln
688 1210 738 1247 iis
771 1223 888 1272 quae
898 1215 1151 1260 sequuntur,
1180 1207 1394 1273 γέγραφοί

64 1281 149 1307 που
190 1270 267 1306 καὶ
299 1269 499 1317 ἑτέρωθι,
551 1265 599 1307 τό
639 1264 834 1306 τοιοῦτον
866 1260 979 1318 ὕψος
1006 1263 1392 1332 μεγαλοφροσύνης

63 1322 300 1376 απηχημα,
351 1322 640 1387 rescripsimus
671 1334 765 1359 cum
801 1320 964 1369 Tullio,
1001 1317 1068 1360 ὅτι
1104 1335 1150 1360 το
1181 1320 1398 1361 τοιοῦτον.

49 1378 221 1430 ,Nempe
250 1375 393 1415 illud
382 1373 472 1426 ότι,
512 1377 623 1430 quod
651 1376 839 1429 postulat
879 1377 1106 1425 sententia,
1145 1377 1390 1428 absorptum

63 1440 153 1471 erat
185 1448 208 1470 a
227 1433 364 1471 literis
392 1433 754 1485 praecedentibus.
812 1430 895 1478 Qui
917 1431 1012 1470 fons
1042 1432 1200 1470 errmis
1222 1431 1391 1470 vberi-i-

63 1503 166 1527 mus.
194 1488 531 1540 Subintelligitur
549 1494 688 1526 autem
709 1489 808 1528 ἐστι’.
833 1486 945 1539 quod
962 1486 1145 1539 Longino
1166 1486 1390 1526 familiare

61 1544 232 1596 Egregie
261 1550 400 1582 autem
425 1550 466 1582 et
489 1545 719 1596 signanter,
758 1543 1137 1608 μεγαλοφροσύνης
1158 1541 1390 1594 οἷπήχηιια.

62 1599 288 1638 Aeschines
312 1599 356 1637 in
379 1599 587 1645 Axiocho:
619 1601 712 1639 Καὶ
744 1598 878 1638 ταῦτα
910 1596 954 1638 δὲ
983 1595 1016 1638 ἁ
1033 1600 1137 1653 λέγω
1165 1598 1390 1652 Προδίκου

62 1659 147 1695 ἐστὶ
169 1652 242 1694 τοῦ
263 1653 406 1706 σοφοῦ
424 1655 747 1695 ΑΙΙΗΧΗΜΑ
754 1654 847 1694 TA
885 1651 1107 1705 Elegantei
1126 1654 1305 1693 Basilius
1327 1659 1388 1696 Μ.

60 1708 216 1773 Homil3
243 1710 287 1748 in
322 1711 441 1751 Mart.
474 1709 584 1748 Iulit.
624 1723 665 1761 Ρ.
701 1711 791 1750 148.
843 1709 1077 1760 Πεφύκασι
1105 1709 1189 1763 γάρ
1221 1725 1310 1753 πως
1337 1713 1391 1750 αἱ

60 1764 162 1806 καθ’
191 1760 327 1807 ὕπνον
357 1768 600 1817 φαντασίαι
629 1780 683 1810 ως
710 1764 766 1806 τα“
798 1763 938 1805 πολλοὶ
965 1766 1389 1806 ΑΠΗΧΗΜΑΤΑ

60 1821 173 1863 εἶναι
196 1821 277 1862 τῶν
300 1822 597 1876 μεθημερινῶν
623 1819 873 1874 φροντίδων.
909 1820 1027 1868 Quae
1056 1820 1244 1860 imitatus
1265 1821 1390 1860 vide-

59 1884 130 1916 tur
158 1877 339 1916 Isidorus
373 1877 500 1929 Epist
524 1881 555 1919 Ι
587 1891 624 1930 9
669 1879 732 1919 Αἱ
763 1880 1003 1930 νυκτεριναὶ
1027 1879 1292 1928 φαντασίαι,
1333 1876 1390 1921 αῖς

61 1937 310 1986 γέγραφας,
343 1935 712 1997 φιλομαθέστατε,
755 1931 806 1974 οὐ
826 1931 962 1987 μόνον
982 1933 1065 1973 τῶν
1086 1934 1390 2001 μεθημερινῶν
1411 1948 1426 1953 ⁸

0 2031 1 2041 η
61 1995 143 2029 εἰσι
169 1988 401 2040 συντυχιῶν
421 1993 496 2029 καὶ
516 1989 694 2044 ὁμιλιῶν
718 1989 1151 2039 AHHXHMATA,
1181 1989 1291 2029 αλλοὲ
1310 1993 1390 2030 καὶ

0 2044 1 2073 ³
61 2045 133 2093 τῆς
161 2043 363 2106 ῥαθύμου
392 2047 622 2094 συνηθείας
652 2043 905 2100 γεννήματα.
963 2043 1117 2083 Confer
1149 2045 1275 2084 etiam
1298 2043 1388 2084 Da-

54 2099 264 2139 §naseium
301 2101 411 2152 apud
452 2101 568 2140 Snid.
600 2114 643 2139 v.
676 2099 940 2144 Χαλδαίκοῖς
978 2099 1295 2155 ἐπιτηδεύμασι.
1334 2100 1406 2139 de-

61 2169 142 2207 quo
171 2168 245 2193 nos
272 2155 318 2194 in
351 2156 446 2196 Cur.
480 2156 642 2196 Nouiss.
671 2169 711 2208 p
738 2156 830 2195 143.
858 2157 1057 2197 T.ov1·1vs
1111 2156 1200 2195 Nos
1221 2163 1389 2196 ceteros

61 2211 182 2249 codd.
220 2216 262 2248 et
298 2218 400 2251 vett.
427 2211 543 2251 editt.
570 2212 703 2251 secuti
738 2211 989 2250 retinuimus
1018 2226 1146 2263 φησει
1174 2212 1255 2268 (sc.
1283 2212 1389 2266 τις).

60 2266 198 2305 Minus
220 2266 346 2305 etiam
365 2267 624 2333 probandum
648 2265 790 2307 illud
779 2264 846 2308 ότι
871 2280 893 2306 e
917 2267 1160 2307 coniectura
1179 2268 1384 2321 positum:
1402 2295 1407 2301 ·

61 2335 159 2360 nani
183 2320 229 2361 τό
250 2322 441 2364 τοιοῦτον
458 2319 573 2378 υψος
583 2324 841 2363 accusatiuus
861 2330 924 2362 est
939 2324 1390 2379 pendensaye'ypoetpaj

62 2384 104 2416 et
127 2375 344 2433 α’πήχημα
367 2378 475 2417 alter
503 2386 564 2418 est
594 2379 855 2418 accusatiuua
879 2392 957 2432 pe1
978 2380 1281 2432 appositionem
1311 2381 1387 2420 ad-

63 2434 253 2482 iunctus,
296 2441 343 2473 vt
365 2434 478 2486 quasi
507 2435 668 2487 ellipsis
690 2436 895 2488 cogitetur
917 2434 994 2476 τοῦ
1017 2437 1111 2477 ΟΝ.
1168 2437 1286 2476 Alius
1318 2436 1386 2475 di-

61 2489 184 2537 xerit,
223 2490 392 2541 ellipsin
426 2491 685 2529 statuendam
714 2491 789 2531 τοῦ
817 2492 1015 2541 EINAI,
1042 2491 1153 2544 quod
1175 2492 1289 2531 redit
1312 2506 1388 2530 eo-

7 2552 9 2603 ]
62 2544 168 2582 dem.
225 2545 308 2584 Sed
327 2546 494 2597 grauius
514 2545 612 2597 quid
634 2545 703 2584 hic
725 2547 941 2598 agendum.
997 2549 1158 2597 Morus,
1188 2549 1386 2600 partitio-

8 2647 10 2655 Α
62 2613 180 2649 nem,
219 2615 297 2653 qua
328 2601 533 2653 Longinus
562 2602 716 2650 vtitur,
755 2602 977 2655 diligenter
1004 2611 1269 2656 persecutum,
1303 2603 1386 2643 hoc

10 2694 11 2702 ἶ
63 2655 157 2695 loco
199 2657 457 2710 aliquantum
493 2670 518 2696 a
546 2669 650 2697 vero
679 2658 912 2709 aberrauit3
959 2660 1033 2699 sed
1066 2671 1154 2700 non
1189 2667 1276 2699 tam
1312 2672 1406 2699 sna..
