1752 3118
427 259 724 356 {ECTIOPL
767 257 892 299 XVII.
938 257 980 313 ς.
1012 271 1050 300 1.
1317 258 1400 310 335

164 377 271 432 πρός
299 374 448 431 κριτήν
473 372 638 425 κύριον]
665 370 854 411 Eundem
885 383 1070 418 sensum,
1096 382 1219 421 quem
1248 366 1404 421 Morus,

81 435 281 487 exprimit
314 446 407 472 cum
443 429 584 469 Tollio
614 428 830 476 Peneius,
870 425 948 466 etsi
976 424 1216 478 durioribus
1240 427 1402 465 verbis:

82 507 175 530 cum
191 490 347 535 iudice,
375 488 447 540 qui
473 492 533 524 est
560 486 668 523 vitae
694 485 880 536 necisque
904 482 1100 520 dominus.
1157 478 1288 518 Filius
1321 481 1403 520 hoc

81 546 187 585 mihi
216 549 406 584 notatum
437 539 570 579 misit:
610 553 712 592 ,,κρ.
744 537 906 591 κύριος,
931 537 959 575 i.
982 549 1017 574 e.
1046 547 1175 587 penes
1197 547 1320 587 quem
1341 544 1404 575 est

80 601 304 639 arbitrium
335 596 420 645 rei,
458 595 529 649 qui
556 600 598 633 et
635 594 840 633 deliberat
867 599 909 631 et
939 591 1150 644 decernit,
1190 597 1233 630 et
1266 605 1291 629 a
1321 605 1404 643 quo

80 653 304 709 prouocari
324 665 409 691 non
433 657 579 703 potest.
637 650 802 688 Dicitur
833 662 928 701 ergo
961 661 1045 685 non
1065 645 1116 684 de
1135 652 1339 698 potestate
1358 648 1405 685 in

81 725 192 763 rep.,
229 709 304 748 sed
339 708 386 746 in
413 706 613 746 iudicio.“
689 704 779 744 Hoc
807 704 911 743 mihi
936 709 1163 755 propterea
1190 702 1406 754 probatur,

82 766 178 819 quia
202 764 346 821 κύριος
364 763 455 801 sere
475 769 559 812 est,
584 759 659 800 -cui
676 760 835 812 aliquid
862 760 966 797 iuris
995 758 1218 810 competit,
1249 764 1291 796 et
1310 772 1405 797 ma-

78 823 217 870 xime,
245 821 341 873 quia
370 819 420 858 ab
439 818 521 856 hoc
553 815 676 874 κριτῇ
707 816 1039 868 distinguuntur,
1071 820 1119 852 vt
1149 814 1406 866 circumspe-

79 878 187 915 etius
204 876 330 915 etiam
346 873 572 923 tractandi,
601 871 802 926 τύραννοι
824 878 866 911 et
882 870 977 920 alii,
1007 869 1078 922 qui
1106 869 1331 922 imperium
1359 869 1408 908 in

77 944 155 970 nos
173 932 341 972 habent.

163 1014 375 1070 ἡγεμόνας
397 1018 440 1057 ἐν
465 1011 714 1067 ὑπεροχαῖς]
743 1011 839 1051 Non
871 1011 1038 1061 dubito,
1067 1011 1167 1065 quin
1199 1009 1410 1063 Longinus

80 1072 320 1123 scripserit:
348 1070 560 1126 ἡγεμόνας
587 1075 629 1110 ἐν
660 1070 902 1120 ἐπαρχίαις.
935 1070 1143 1122 praesides
1165 1071 1409 1122 prouincia-

80 1142 182 1166 rum.
241 1127 309 1166 Sic
349 1128 462 1165 enim
497 1125 658 1164 Graeci
697 1125 976 1176 loquebantur
1016 1125 1068 1162 de
1103 1122 1411 1175 magistratibus

81 1181 370 1221 Romanorum
411 1180 751 1235 prouincialibus.
815 1177 1029 1219 Plutarch.
1075 1178 1217 1217 Caton.
1247 1177 1343 1216 mai.
1368 1191 1440 1231 ps

79 1237 178 1275 346.
199 1238 248 1277 A.
276 1236 474 1289 ἐτύγχανε
500 1238 578 1290 μὲν
603 1229 678 1276 οὗν
701 1231 933 1288 ἡγούμενος
951 1234 1164 1283 ὑπατικῆς
1185 1237 1411 1286 ἐπαρχίας.

80 1291 376 1332 ΒνιιΝΚΕΝΙνε.
441 1292 571 1330 Recte
607 1289 818 1346 ἡγεμόνας
843 1293 886 1330 ἐν
910 1289 1155 1344 ὑπεροχαῖς.
1227 1293 1413 1330 Summos

81 1351 358 1400 magistratus.
411 1350 576 1387 Summa
593 1349 636 1385 vi
656 1355 695 1385 et
711 1353 913 1400 potestate
929 1348 1145 1400 praeditos.
1199 1344 1414 1394 Ἐξουσίας

82 1402 371 1457 ὑπερεχούσας
385 1409 513 1442 vocat
536 1403 584 1442 D.
610 1401 774 1441 Paulus.
833 1401 956 1448 Quod
986 1402 1160 1455 perinde
1193 1409 1267 1441 est.
1321 1399 1412 1442 Huc

79 1459 186 1498 facit
217 1460 373 1498 Auctor
408 1459 460 1496 de
491 1457 631 1496 causis
659 1464 846 1509 corrupt.
871 1456 1092 1511 Eloquent.
1119 1469 1207 1510 cap.
1239 1470 1301 1510 ¹9·
1347 1459 1414 1499 At

81 1516 242 1555 hercule
258 1516 513 1569 peruulgatis
527 1517 611 1553 iam
630 1514 826 1560 omnibus,
858 1528 949 1552 eum
971 1518 1039 1554 vix
1055 1518 1100 1553 in
1117 1517 1278 1553 cortina
1296 1516 1414 1567 quis-

82 1585 206 1625 quam
235 1574 427 1617 assistat,
466 1573 538 1624 qui
561 1572 764 1610 elementis
788 1570 1016 1610 studiorum
1044 1574 1121 1610 etsi
1147 1583 1230 1609 nou
1256 1573 1415 1609 instra»

84 1634 177 1665 ctus
189 1655 204 1674 ,
233 1635 280 1665 at
299 1634 405 1665 certe
424 1626 602 1665 imbutus
622 1629 677 1665 sit
685 1654 700 1672 ,
730 1628 848 1664 nouis
870 1634 910 1664 et
933 1629 1144 1680 exquisitis
1162 1628 1414 1680 eloquentiae

81 1683 295 1721 itineribus
315 1696 413 1735 opus
431 1688 517 1728 est,
541 1696 614 1735 per
631 1696 736 1735 quae
757 1688 894 1720 orator
910 1683 1134 1736 fastidium
1154 1685 1316 1721 aurium
1350 1681 1412 1735 ef-

71 1738 241 1791 fugiat,
285 1740 422 1792 vtique
453 1735 567 1791 apud
591 1751 659 1776 eos
685 1750 863 1786 IVDICES,
887 1750 963 1783 Qv1
991 1751 1039 1776 vl
1067 1751 1150 1777 Avr
1168 1750 1414 1785 POTESTATE,

82 1807 166 1831 non
187 1795 274 1832 iure
292 1801 332 1832 et
348 1793 502 1847 legibus
526 1801 779 1846 cognoscunt
787 1821 802 1839 ,
833 1801 874 1831 et
893 1808 967 1833 nec
986 1797 1199 1848 accipiunt
1219 1802 1413 1847 tempora,

82 1849 156 1888 sed
173 1851 448 1899 constituunt3
477 1863 551 1889 nec
571 1849 863 1903 expectandum
887 1849 1040 1889 habent
1059 1859 1280 1896 oratorem,
1318 1849 1415 1888 dum

81 1906 145 1943 illi
162 1905 284 1943 libeat
305 1905 352 1943 de
370 1907 456 1957 ipso
476 1909 639 1958 negotio
661 1905 806 1953 dicere,
834 1906 908 1944 sed
925 1921 1043 1959 saepe
1062 1908 1165 1945 ultro
1182 1907 1416 1952 admonent,

83 1969 205 2014 aeque
225 1963 307 1999 alio
338 1962 701 2012 transgredientem
728 1969 948 2009 reuocant,
989 1970 1028 2001 et
1044 1963 1248 2016 festinare
1279 1975 1322 2001 se
1351 1968 1415 1998 te-

84 2023 260 2056 stantur.
300 2014 497 2055 Tovmvs„
567 2015 649 2054 Pro
685 2015 919 2068 ὑπεροχαῖς
959 2018 1040 2056 iam
1069 2017 1202 2056 Faber
1239 2028 1415 2070 prorsus

84 2071 211 2119 idem,
239 2069 349 2122 quod
370 2069 652 2119 Ruhnkenius,
684 2084 706 2108 e
727 2073 971 2111 coniectura
989 2079 1189 2111 suaserat.
1244 2071 1328 2111 Sed
1346 2072 1416 2110 la-

86 2127 168 2164 tius
193 2132 336 2177 patent
360 2131 581 2177 praecepta
604 2124 791 2177 Longini.
849 2127 1048 2167 Omnium
1079 2127 1154 2166 ille
1174 2134 1417 2180 temporum

84 2188 310 2233 tyrannos,
337 2194 476 2232 reges,
517 2182 768 2233 omninoque
804 2180 995 2221 homines
1034 2196 1241 2222 summum
1278 2183 1417 2235 impe-

85 2237 199 2276 rium
223 2242 409 2274 tenentes
422 2236 515 2274 vult
541 2235 742 2289 intelligi:
771 2243 834 2285 et,
863 2250 995 2288 paene
1025 2238 1162 2278 dicam
1176 2260 1195 2285 ,-
1215 2236 1418 2278 abhorret

88 2308 115 2331 a
140 2306 286 2344 magno
311 2292 398 2329 eius
416 2292 577 2340 animo,
604 2300 773 2344 praeter
797 2299 958 2332 ceteros
976 2307 1308 2333 commemorare
1319 2308 1418 2348 pro-

87 2351 315 2388 vinciarum
335 2348 548 2400 praesides,
603 2347 648 2386 Si
665 2348 766 2400 quid.
800 2349 1046 2388 mutandum
1068 2356 1198 2399 esset,
1225 2349 1416 2402 equidem

90 2417 187 2442 cum
212 2403 350 2441 'sollio
370 2401 477 2450 τούς,
500 2403 612 2454 quod
630 2403 673 2441 in
699 2404 787 2443 Vat.
802 2404 839 2442 3.
861 2405 1041 2456 positum
1061 2412 1123 2445 est
1141 2412 1236 2444 ante
1257 2404 1416 2458 τυράν-

88 2474 200 2508 νους,
221 2471 420 2510 ponerem
437 2465 531 2509 post
548 2458 772 2513 ἡγεμόνας.
828 2459 908 2498 Sed
926 2474 979 2500 ne
998 2460 1079 2501 hoc
1095 2461 1263 2515 quidem
1285 2474 1429 2514 pror-⁵

90 2528 158 2554 sus
186 2513 468 2552 necessarium
496 2521 613 2566 puto,

174 2596 259 2638 ὑπό
288 2599 472 2650 τεχνίτου
504 2598 695 2653 ῥήτορος]
727 2600 779 2640 ab
799 2609 968 2653 oratore,
988 2604 1061 2657 qui
1086 2602 1248 2643 scholae
1267 2608 1306 2640 et
1334 2603 1419 2643 am·

92 2670 168 2704 sua
181 2654 320 2708 dehet,
350 2668 433 2694 non
452 2663 632 2700 naturae.
691 2655 796 2697 Cum
813 2666 1028 2699 contemtu
1047 2657 1206 2712 dictum
1228 2663 1302 2697 est.
