1752 3118
340 284 402 326 cti
695 274 791 326 DE
833 245 1303 326 ANAGLYPHO

338 401 520 450 tionem
535 417 823 466 magnopere
841 399 1099 448 desiderari
1115 419 1222 448 cum
1242 399 1546 464 intelligeres,
1571 418 1660 449 nec

284 491 290 495 ’
343 487 515 533 operae
528 486 614 515 nec
633 468 870 532 impensae
884 467 998 513 Tibi
1011 468 1303 529 parcendum
1327 485 1427 515 esse
1445 469 1660 529 statuisti,

343 537 459 598 quin
488 534 720 582 editorem
748 548 794 580 et
820 534 878 579 ab
913 533 1091 610 ingenii
1115 534 1371 581 subtilitate
1396 551 1442 582 et
1469 536 1526 581 ab
1558 552 1662 582 eru-

343 601 536 649 ditionis
557 601 694 664 copia
712 600 1149 661 instructissimum,
1179 601 1258 647 cui
1274 601 1391 649 haec
1417 621 1469 666 [η
1474 602 1664 648 ouincia

341 665 637 730 Longiniana
674 681 778 714 tuto
817 665 1090 714 demandari
1114 682 1300 731 posset,
1339 669 1661 732 adipiscerexe.

341 734 493 783 Cessit
529 733 756 794 feliciter,
805 733 942 797 quod
983 746 1107 780 tanta
1144 753 1256 781 cura
1293 747 1343 780 et
1383 735 1662 783 liberalitate

341 800 636 865 capessiuisti
650 836 663 860 ,
685 800 943 862 negotium.
987 800 1139 864 Egisti
1154 801 1279 848 enim
1295 819 1405 849 cum
1417 801 1662 861 Weiskio,

340 867 462 915 Viro
476 871 527 914 in
548 866 645 914 hoc
669 884 839 930 genere
860 868 1263 926 exercitatissimo,
1284 883 1334 916 vt
1353 868 1477 916 hanc
1499 886 1663 915 curam

340 934 432 980 sibi
454 933 636 997 imponi
665 948 915 997 pateretur.
986 933 1134 989 Quod
1164 953 1271 981 cum
1304 935 1433 982 haud
1460 934 1664 981 difficul-

342 1013 412 1047 tei
431 1013 601 1063 impetl
603 1017 750 1058 asses
777 999 1087 1064 suppeditasti
1104 1001 1305 1064 benigue
1328 1002 1508 1063 omnia,
1544 1018 1665 1063 quae

340 1066 402 1113 ad
434 1064 778 1113 emendandum
809 1065 1229 1130 exornandumque
1255 1081 1418 1115 auctoi
1422 1085 1497 1115 em
1525 1068 1668 1114 illum

338 1133 434 1181 vim
472 1133 678 1197 aliquam
713 1132 888 1179 habere
921 1150 1060 1198 posse
1105 1133 1404 1197 intelligeres.
1476 1128 1665 1190 Quibus

337 1199 583 1264 praesidiis
616 1214 661 1246 et
684 1198 966 1246 adiumentis
989 1217 1098 1247 sane
1122 1218 1218 1248 non
1242 1200 1540 1262 poenitendis
1563 1217 1663 1264 quo

338 1280 481 1330 pacto
508 1284 616 1314 vsus
650 1266 708 1313 sit
726 1266 815 1314 Vin
841 1266 1129 1328 indusuius,
1164 1267 1400 1328 iudicent,
1439 1284 1561 1331 quos
1592 1283 1666 1313 se-

337 1332 530 1380 lectos
517 1352 567 1379 1n
593 1333 684 1381 hac
705 1351 842 1380 causa
862 1332 1043 1380 indices
1065 1334 1278 1396 agnoscit
1299 1334 1564 1382 Germania.

442 1398 599 1457 Quid,
657 1399 791 1463 quod
822 1417 881 1447 ne
918 1400 986 1447 sic
1017 1400 1237 1467 quidem
1251 1400 1408 1447 officio
1442 1400 1552 1448 Tuo
1589 1400 1665 1449 Te

336 1467 478 1541 plane
506 1466 781 1514 satisfecisse
811 1481 937 1514 ratus
965 1484 1029 1515 es.
1101 1459 1388 1523 Quaesiuisti
1418 1467 1564 1530 igitur
1584 1467 1666 1515 ad-

339 1533 591 1581 ventitium
627 1532 826 1597 aliquod
861 1534 1106 1598 graphices
1142 1549 1188 1582 et
1229 1533 1439 1598 picturae
1438 1505 1665 1582 ”linearis

335 1598 654 1659 lenocinium,
686 1600 826 1648 titulo
848 1601 958 1647 libri
980 1600 1132 1649 nitide
1157 1600 1532 1665 appingendum‚
1566 1618 1664 1664 quo

337 1683 524 1731 sempe1
549 1667 675 1731 capti
701 1682 748 1716 et
775 1668 997 1729 delectati
1028 1681 1137 1715 sunt
1161 1667 1389 1730 quicquid
1416 1682 1485 1714 cst
1509 1666 1667 1714 homi·

338 1751 461 1781 num
490 1748 731 1782 venust101
734 1751 828 1781 um
899 1735 1012 1783 Non
1032 1749 1149 1800 puto
1173 1734 1221 1781 in
1243 1733 1666 1797 reprehensionem

337 1801 583 1848 incurrere
620 1818 761 1865 posse
795 1801 893 1849 hoc
933 1801 1187 1865 elegantiae
1223 1800 1435 1847 studium
1466 1800 1666 1847 liberale

340 1866 605 1916 admodum
629 1883 676 1916 et
697 1868 1044 1933 elegantissimo
1066 1868 1298 1932 scriptore
1324 1866 1663 1929 dignissimum.

341 1933 526 1990 Quidni
557 1936 681 1983 enim
701 1935 775 1982 his
796 1953 1002 2000 vquoque
1021 1935 1284 1994 illecebris,
1323 1935 1381 1981 ab
1403 1934 1534 1980 omui
1551 1934 1664 1982 fuco

339 2001 608 2050 meretricio
634 2001 951 2063 alienissimis,
989 2003 1135 2051 decus
1164 2001 1445 2049 concilietur
1467 2014 1514 2047 et
1535 2018 1666 2047 com-

340 2068 582 2117 mendatio
610 2069 745 2117 libus
775 2067 835 2122 ad
856 2072 1148 2118 seueriorem
1171 2067 1415 2116 doctiiuae
1437 2067 1666 2117 rationem

343 2135 647 2199 compositis,
694 2135 960 2186 dummodo
995 2152 1042 2185 et
1070 2134 1298 2212 prodesse
1327 2134 1473 2183 velint
1506 2147 1552 2180 et
1580 2133 1665 2181 de-

340 2202 518 2250 lectme
565 2201 793 2251 adscititia
823 2203 1055 2252 eiusmodi
1093 2203 1201 2250 artis
1238 2199 1664 2265 chalcographicae

344 2283 629 2316 ornamenta.
680 2269 830 2325 Quod
853 2271 1046 2334 quidem
1076 2270 1297 2317 facillime
1320 2286 1407 2316 nos
1432 2268 1664 2332 consequi

343 2352 485 2400 posse
508 2336 846 2398 existimamus,
882 2338 922 2383 si
942 2357 995 2386 ex
1012 2337 1268 2384 innumeris
1294 2335 1403 2382 artis
1422 2333 1661 2397 autiquae,

345 2419 467 2465 quae
493 2416 687 2450 aetatem
709 2402 945 2464 tulerunt,
978 2403 1295 2452 monumentis
1316 2402 1566 2465 seligamus
1594 2420 1662 2462 ea,

343 2485 465 2531 quae
503 2484 686 2533 praeter
711 2469 888 2517 natiuas
912 2471 1146 2532 Veneres,
1184 2469 1401 2519 omnibus
1429 2467 1664 2515 eiusmodi

343 2536 572 2600 operibus
606 2551 776 2601 suopte
809 2536 901 2584 iam
934 2538 1132 2616 ingenio
1155 2538 1329 2595 insitas,
1365 2535 1567 2582 habeant
1588 2552 1666 2582 re·-

346 2601 664 2650 conditiorem
696 2603 903 2669 aliquam
930 2620 976 2654 ct
997 2606 1269 2653 interiorem
1293 2601 1535 2651 doctrinae
1558 2620 1663 2649 sua-⁶

343 2669 562 2735 vitatem,
598 2689 693 2737 qua
721 2672 1086 2740 contemplanda
1106 2690 1269 2724 sensus
1291 2669 1483 2735 pulchri
1507 2683 1552 2717 et
1573 2668 1663 2717 ho-

1744 2642 1752 2647 ÷
1733 2553 1752 2625 ,43:1³
1734 2509 1752 2543 *aul
1733 2419 1752 2501 a*
1736 2368 1738 2373 ’
