1718 3122
395 274 698 318 ssc‘rmN.
737 240 880 317 mv.
908 276 951 330 §-
972 288 1010 315 2.
1033 276 1070 315 3.
1311 278 1389 318 εει

77 391 285 433 Est'enim
300 391 487 437 libertas,
523 396 567 426 vt
591 390 731 437 aiunt,
772 387 831 427 ad
856 387 1020 426 alendos
1050 391 1213 440 spiritus
1226 415 1239 433 ‚
1281 395 1320 426 et
1347 389 1404 428 ad

75 448 461 489 ALLlGlE.v.DA
481 445 605 483 simul
620 451 660 482 et
683 444 1145 483 PROTRVDENDA
1164 443 1301 482 studia
1323 445 1401 483 Ιιο-

75 506 231 541 minum
264 501 375 540 valde
411 499 732 539 adcommodata.
808 497 934 536 Vides
973 497 1241 544 Antitheton,
1291 499 1401 550 quod

72 557 196 604 haud}
222 557 483 594 inuenustum
513 561 586 594 est.
640 553 837 594 Tovnvs.
913 552 1051 599 Monet
1079 553 1148 591 vir
1184 552 1327 592 doctus
1355 555 1400 592 in

73 611 179 650 Bibl.
209 611 311 650 crit.
331 611 458 649 Amst.
479 610 508 658 l,
533 610 573 649 3.
597 608 904 648 memorandam
927 622 951 647 a
982 608 1017 646 T
1019 607 1144 661 oupio
1170 608 1294 646 fuisse
1323 622 1400 647 ve-

73 667 234 705 riorem
253 665 480 703 lectionem
509 665 665 704 codicis
690 663 866 704 parisini
893 666 1139 711 ἐπελπίσαι,
1178 663 1401 715 laudatque

71 716 384 761 Hemsterh.‘ad
416 720 583 759 Luc-ian.
615 721 663 759 T.
698 720 728 759 1.
758 734 799 772 p.
831 720 924 759 345.
965 719 1021 759 Eo
1044 719 1194 758 iustior
1213 717 1317 757 haec
1339 725 1401 757 est

72 776 404 823 animaduersio,
445 790 526 827 quo
564 777 700 814 minus
726 775 988 839 probandum
1012 780 1096 822 est,
1136 774 1277 823 verba,
1295 786 1402 826 quae

72 831 110 869 Γ
113 845 237 882 oupio
252 831 502 870 videbantul
520 831 741 880 antitheta,
771 832 830 870 sic
854 832 962 871 inter
983 844 1026 869 se
1046 829 1214 869 referri.
1270 829 1401 868 Nem-

71 899 126 939 pe
150 886 263 937 prius
287 887 522 925 membrum
552 894 634 926 est:
671 887 902 940 Θοέψαι..
918 891 1024 927 ,καὶ
1051 888 1277 926 ἐπελπίσαι
1313 885 1401 940 (vel

70 939 339 992 ἐφελκύσαι),
382 943 425 979 in
459 956 540 994 quo
572 945 745 994 θρέψαι
776 941 1037 997 φρονήσατα
1069 948 1132 980 est
1162 955 1402 982 conseruare

71 1012 242 1050 magnos
265 1001 453 1051 spiritus,
489 1001 716 1039 ἐπελπίσαι
744 1000 930 1052 ampliori
957 1014 1025 1051 spe
1053 1001 1206 1037 iniecta
1234 996 1400 1036 eosdem

71 1067 232 1106 augere.
290 1052 401 1090 Haec
425 1053 459 1091 si
492 1054 547 1092 ita
577 1055 806 1106 iungimus,
847 1054 928 1092 hoc
959 1054 1192 1092 membrum
1224 1058 1267 1091 et
1293 1051 1402 1090 alte-

70 1121 191 1156 rum,
221 1112 297 1148 καὶ
317 1104 414 1163 ἅμα
440 1139 473 1149 ..
486 1112 790 1165 ..φιλοτιμίας
807 1110 961 1148 iustum
993 1109 1106 1148 inter
1126 1122 1168 1146 se
1192 1107 1402 1147 habebunt

71 1162 253 1202 znoduna.
1386 1211 1389 1214 y

156 1217 349 1271 διελθεῖν]
380 1219 448 1257 Sic
463 1220 590 1259 editio
609 1216 674 1272 pr.
686 1227 728 1260 et
739 1220 834 1259 Msti
846 1219 1012 1259 Par.E1.
1027 1224 1068 1256 et
1080 1218 1170 1257 Vat.
1187 1218 1292 1269 duo;
1322 1233 1400 1271 pro

71 1285 152 1324 quo
173 1273 305 1311 edidit
326 1273 531 1312 Manutius
553 1275 734 1315 διωθεῖν.
792 1276 873 1314 Sed
907 1274 1080 1326 vestigia
1103 1274 1305 1313 Mstorum
1320 1288 1401 1313 ⁴se-

70 1342 201 1379 quor,
244 1341 473 1380 censeoque
522 1329 748 1381 Longinum
787 1331 997 1383 scripsisse
1040 1330 1242 1370 διαλθεῖν.
1306 1330 1402 1370 Vox

71 1383 284 1432 διαλθεῖν,
313 1386 472 1433 fateor,
507 1385 611 1423 mihi
632 1399 714 1423 non
738 1386 840 1424 alibi
861 1385 1061 1434 occurrit,
1090 1384 1162 1423 sed
1184 1397 1261 1423 nec
1291 1386 1403 1424 mul-

69 1446 114 1477 ta
131 1439 213 1478 alia.
234 1440 385 1487 verba,
415 1454 516 1490 quae
537 1441 647 1491 apud
666 1448 852 1479 nostrum
876 1442 1090 1494 leguntur:
1119 1441 1289 1480 interim
1315 1454 1400 1480 vox

69 1492 220 1535 άλθεῒν
247 1500 432 1544 (notante
462 1495 684 1548 llesychio)
723 1496 926 1549 significat
955 1509 1040 1534 non
1075 1496 1213 1534 solum
1241 1512 1401 1545 sanare,

69 1549 142 1588 sed
160 1557 200 1587 et
223 1565 382 1602 augere.
423 1550 528 1589 Vide
554 1552 677 1590 etiam
697 1551 838 1603 steph.
860 1552 893 1590 T
896 1552 1060 1591 hesaur.
1086 1551 1175 1589 Nec
1194 1559 1268 1601 est,
1288 1553 1400 1604 quod

71 1605 243 1643 obiiciat
272 1605 383 1656 quis,
430 1606 558 1644 verba
586 1609 757 1657 θρέψαι
786 1614 827 1645 et
861 1610 1089 1648 ἐπελπίσαι
1116 1606 1244 1647 indef.
1270 1607 1401 1660 primi

68 1660 272 1712 temporis
283 1662 572 1724 praecessisset
604 1661 820 1700 dissimilia
837 1664 948 1700 enim
969 1669 1160 1714 tempora
1173 1669 1315 1700 noster
1332 1677 1401 1701 so-

68 1715 132 1754 let
152 1716 427 1767 coniungere,
455 1723 502 1754 vt
530 1717 575 1755 in
605 1716 682 1757 bac
715 1717 923 1766 sectione,
953 1717 1217 1766 κᾴδέκαστον
1245 1719 1400 1759 ὑπολε-

70 1773 255 1822 λεῖφθαι
283 1776 356 1810 καὶ
386 1787 446 1826 μη
480 1775 1000 1825 καταρχαιρεσιαζεσθαι,
1043 1779 1084 1812 et
1114 1773 1226 1812 alibi.
1265 1775 1399 1813 Pmn-
1440 1801 1443 1803 -

71 1840 172 1864 elvs.
231 1826 422 1878 Opponit
459 1828 621 1878 Morus,
657 1831 835 1867 verbum
867 1843 952 1867 esse
983 1842 1169 1876 nouum,
1210 1835 1252 1867 et
1278 1830 1399 1869 vnius

68 1881 267 1934 Hesychii
288 1884 538 1922 auctoritate
561 1859 623 1940 (ixi
643 1883 803 1924 αΛέταιι
794 1890 856 1934 ει)
876 1891 1037 1934 tutum,
1066 1884 1136 1935 qui
1156 1891 1320 1935 tamen,
1335 1887 1401 1923 iu-

70 1937 171 1975 dice.
198 1938 401 1987 Kustero,
442 1938 655 1981 ἀλδαίνειν
690 1946 731 1979 et
759 1939 983 1980 άλθαίνειν
1013 1939 1265 1978 conluderit.
1322 1941 1402 1979 Sed

70 1992 113 2029 in
134 1993 360 2031 subsidium
380 1994 539 2032 vocatis
568 1995 678 2043 illis,
718 2009 823 2046 quae
858 1995 1126 2035 Ruhnkenius
1157 2009 1282 2046 supra
1301 1997 1340 2045 3,
1364 1998 1403 2033 4.

71 2048 125 2085 de
155 2063 196 2087 v.
223 2047 426 2092 α’ναλθεῖς
458 2050 645 2102 scripsit,
693 2050 953 2102 probabilior
993 2050 1155 2089 Pearcii
1185 2050 1233 2088 fit
1260 2051 1403 2100 lectio,

69 2116 194 2156 quam
218 2103 325 2141 Mori
345 2103 554 2157 διεγείρειν
576 2113 617 2144 et
638 2106 814 2144 Manutii
838 2106 1018 2147 διωθεῖν

155 2158 195 2212 §.
218 2159 256 2197 3.
286 2158 377 2200 οἷον
395 2164 500 2211 imo
501 2164 687 2215 ’βεται.
654 2193 663 2201 .
700 2163 1032 2217 συνεκλάμπει]
1063 2161 1198 2200 Duxit
1220 2161 1404 2227 transla-

70 2213 230 2252 tionem
256 2214 466 2254 aPlatone
492 2216 610 2255 Polit.
637 2218 701 2256 IV.
727 2232 765 2269 p.
792 2218 886 2257 451.
906 2179 949 2256 C.
983 2221 1059 2257 καὶ
1083 2219 1197 2268 τάχα
1224 2216 1279 2258 ἄν
1313 2233 1404 2258 πα-

68 2273 256 2323 ραλληλα
282 2272 558 2320 σκοποῦντες,
597 2277 672 2313 καὶ
704 2276 934 2328 τρίβοντες,
975 2269 1115 2322 ὥσπερ
1145 2278 1190 2312 ἐκ
1219 2276 1402 2324 πυρείων

68 2325 296 2379 ἐκλάμψαι
330 2326 589 2381 ποιήσαιμεν
618 2327 693 2378 τήν
718 2330 1007 2378 δικαιοσυνην.
1070 2327 1288 2367 Platonem
1318 2341 1404 2367 non

70 2387 153 2418 tam
174 2382 361 2419 imitatus
388 2389 448 2421 est
467 2397 588 2434 quam
614 2384 835 2437 descripsit
857 2384 979 2423 Philo
1008 2383 1094 2422 lud.
1122 2384 1169 2423 Τ.
1191 2384 1221 2423 l.
1241 2398 1280 2436 p.
1305 2384 1402 2423 683.

74 2438 299 2489 Τρίβοννες
319 2453 403 2490 γαυ
426 2437 492 2478 αἐὶ
513 2438 608 2481 τούς
628 2446 723 2491 πεοὶ
753 2439 972 2490 ὁσιότητος
1000 2439 1164 2490 λογους,
1195 2438 1401 2492 καθάπερ

70 2493 115 2529 ἐκ
142 2496 321 2540 :troezen
343 2495 388 2534 ro*
426 2495 741 2537 θεοειδέστατον
771 2495 980 2550 εὐσεβείας
1006 2498 1164 2548 φέγγος
1199 2495 1399 2536 ποιοῦσιν

69 2549 214 2587 ἐκβαα.
212 2564 312 2588 -ῐειι,
342 2550 441 2588 item
475 2549 669 2602 Syrianus
703 2552 933 2591 Comment.
962 2550 1046 2589 MS.
1083 2551 1125 2589 in
1160 2549 1399 2590 Alistotelis

69 2591 190 2640 Μαι·
185 2604 265 2653 ‚hs
269 2605 325 2642 sic
331 2620 373 2642 ¹1:
421 2610 496 2645 καὶ
519 2603 659 2658 ὥσπερ
691 2612 736 2647 ἐκ
756 2609 937 2659 πυρείων
957 2608 1036 2646 τῶν
1059 2605 1399 2661 ἑπιστηαονικῶν

70 2657 356 2714 θεωοηματων
391 2665 776 2718 παρατριβομένων
814 2662 905 2715 φῶς
943 2645 1216 2716 ἀναλάμψαι
1241 2659 1398 2715 νοεοόν

1047 2728 1083 2768 Π
1098 2728 1125 2767 h
