1752 3118
344 294 428 334 302
628 286 857 359 NOTAE
894 287 976 328 AD
1016 284 1100 326 DE
1127 286 1378 329 SVBLIM.

423 402 463 459 ς.
474 415 512 443 2.
531 404 611 446 ε’ίτε
621 400 868 451 δείνωσιν,’“
837 419 866 452 η
879 400 1146 457 πραγμάτων
1158 398 1187 449 ἢ
1197 397 1466 442 κατασκευῶν
1480 400 1661 456 ἐπίρῥω-

343 461 429 514 σιν]
458 459 567 498 Haec
595 459 744 498 Portus
775 465 818 497 et
843 458 1033 496 Pearcius
1055 470 1206 522 parum
1232 456 1415 495 feliciter
1434 464 1665 500 tentarunt.

344 514 470 567 Lege:
498 517 578 556 εἴτε
605 513 818 562 δείνωσιν,
858 512 887 562 ἢ
918 510 1229 575 πραγματικῶν
1250 513 1521 554 κατασκευῶν
1541 513 1664 566 ἐπίρ-

343 570 486 624 ῥωσιν.
543 571 677 617 Quam
719 568 1047 608 emendationem
1079 568 1167 620 ipse
1205 567 1410 618 Longinus
1445 567 1665 608 confirmat

346 628 487 682 Τέχνη
526 624 765 693 Ῥητορικῇ
780 638 821 676 p.
856 624 952 675 713.
980 622 1119 664 πολλα
1159 637 1243 676 γαρ
1264 622 1317 663 τοὶ
1353 622 1561 673 κηλοῦντα
1589 624 1663 665 τόν

342 679 562 734 ἀκροατην
589 680 688 722 ἄνευ
715 679 787 729 τῆς
809 679 1029 732 διανοίας,
1060 682 1135 718 καὶ
1163 678 1234 728 τῆς
1255 679 1557 735 πραγματικῆς
1577 695 1662 719 κα-

340 737 567 785 τασκευῆς,
605 740 681 776 καὶ
699 735 771 785 τῆς
786 734 944 784 ἠθικῆς
964 732 1264 784 πιθανότητος.
1321 735 1435 773 Intra
1455 741 1552 773 sect.
1572 735 1661 774 XV.

340 796 569 845 φαντασία
593 794 941 847 κατακιρναμένη
972 794 1104 834 ταῖς
1091 794 1416 844 πραγματικαῖς
1444 789 1662 843 ἐπιχειρή-

342 844 989 890 aeocv.Rvmn<m1vs.Fffio
1019 845 1238 884 videbatur
1267 846 1326 885 ita
1355 847 1577 898 legendum
1620 852 1666 885 et

339 902 698 953 distinguendum:
729 903 807 941 εἴτε
826 900 1013 941 δείνωσιν
1030 898 1312 954 πραγμάτων,
1341 901 1370 950 ἢ
1389 901 1662 942 κατασκευῶν

340 956 569 1010 ἐπίρῥωσιν
579 986 594 1006 ,
635 954 704 996 εἴτ
735 962 813 994 etc.
871 954 969 994 Non
996 955 1117 993 male.
1182 955 1245 994 Ita
1275 955 1513 1011 πράγματα
1537 963 1663 996 erunt

338 1027 429 1061 103,
458 1025 563 1063 quae
593 1026 617 1050 a
637 1025 754 1049 causa
773 1011 863 1063 ipsa
884 1010 1224 1063 suppeditantur,
1255 1012 1401 1063 quibus
1417 1026 1496 1064 per
1518 1012 1661 1051 locum

337 1066 632 1119 magnitudinis
661 1073 776 1106 recte
800 1066 1023 1105 adhibetur
1053 1065 1264 1110 δείνωσις.·
1293 1067 1366 1105 sed
1394 1083 1660 1131 κατασκευη,

337 1138 402 1163 res
421 1123 478 1163 ab
497 1131 653 1162 oratore
672 1125 929 1176 excogitatae
948 1122 1203 1175 argumentis
1220 1121 1381 1162 firmari
1396 1123 1549 1163 debent
1570 1124 1661 1162 siue

338 1176 561 1232 ἐπιρῥώσει
581 1193 684 1231 opus
703 1175 869 1218 habent.

421 1235 592 1290 (μυρίαι
619 1233 700 1288 γάρ
732 1233 846 1274 ἰδέαι
877 1230 957 1277 τῶν
990 1212 1216 1286 αὐξήσεων)
1245 1238 1435 1301 γίνοιτο]
1482 1234 1563 1275 Pro
1590 1236 1660 1290 γί-

335 1306 477 1341 vecto,
519 1290 630 1343 quod
655 1289 763 1328 Mori
788 1291 1036 1330 auctoritate
1066 1299 1108 1330 et
1131 1292 1166 1330 Γ
1168 1306 1282 1344 011Ρ11
1305 1292 1498 1344 exemplo
1517 1292 1661 1343 posui,

336 1347 555 1399 vulgatum
573 1348 758 1400 γίνοιντο
788 1345 847 1384 ita
864 1346 1032 1385 defendi
1047 1348 1197 1400 possit,
1227 1354 1275 1386 vt
1298 1347 1410 1386 dicas
1425 1377 1436 1396 ,
1475 1346 1595 1387 τοῦτο
1615 1346 1661 1386 δὲ

341 1403 404 1458 (§
434 1401 607 1455 2.11111.)
632 1415 717 1441 0330
736 1402 855 1456 idque
872 1402 960 1440 siue
983 1411 1022 1441 et
1033 1404 1222 1456 quidem,
1249 1402 1365 1441 10101
1367 1414 1491 1455 asque
1511 1403 1563 1440 ad
1581 1415 1659 1440 an·-

335 1457 590 1507 tecedentia,
617 1465 667 1497 vt
688 1462 802 1496 arcte
832 1471 925 1496 cum
954 1458 1043 1496 illis
1068 1457 1306 1498 cohaerens.
1361 1457 1431 1496 Sic
1452 1458 1663 1505 breuiter.

335 1521 383 1554 vt
386 1513 615 1581 existimo,
643 1513 858 1552 interdum
888 1513 1060 1553 dicitur:
1092 1519 1133 1552 et
1151 1513 1289 1552 simile
1319 1519 1382 1561 est
1407 1517 1483 1553 καὶ
1508 1512 1662 1563 ταῦτα,
1686 1559 1689 1561 ,
1729 1535 1733 1538 >

326 1561 579 1624 praesertim.
636 1569 718 1608 Sed
738 1582 804 1607 me
822 1569 994 1609 offendit
1011 1568 1272 1622 parenthesis
1293 1575 1389 1609 ante
1406 1569 1659 1608 breuitatem

333 1626 455 1664 vnius
481 1624 621 1674 verbi,
661 1626 773 1676 quod
800 1625 1034 1664 membrum
1052 1624 1265 1664 terminat.
1320 1623 1518 1676 Suspicor
1538 1636 1659 1676 ergo,
1658 1635 1661 1637 ·

333 1681 415 1719 hoc
431 1682 591 1734 γίνοιτο
607 1687 703 1732 post
717 1681 895 1719 verbum
920 1679 1078 1721 παθῶν
1098 1693 1185 1719 esse
1201 1679 1503 1732 reponendum.
1544 1678 1658 1718 Illud

333 1749 428 1775 cuir.
451 1736 497 1774 in
516 1736 698 1774 alienum
712 1736 851 1774 locum
869 1736 1106 1788 migrasset,
1133 1735 1257 1774 facile
1271 1734 1491 1784 librarius,
1520 1734 1659 1779 cerri-

331 1791 511 1844 gendum
525 1797 661 1840 ratus,
687 1791 864 1829 mutauit
882 1791 927 1828 in
945 1794 1143 1844 γίνοιντο.

417 1849 730 1901 ἐποικονομίαν
757 1845 901 1901 ἑργων]
942 1847 1061 1886 Prius
1079 1847 1278 1896 verbum,
1306 1845 1418 1898 quod
1438 1845 1656 1885 nouissimi

333 1902 513 1940 editores
538 1908 772 1951 seruarunt,
799 1914 886 1940 non
910 1903 1107 1941 conuenit
1127 1904 1449 1955 exaggerationi,
1468 1899 1653 1949 αὐξησει,

330 1958 405 1995 sed
425 1960 748 2009 cotfirmationi,
775 1959 915 1998 πίστει
923 1987 939 2007 ,
969 1970 1072 2010 quae
1087 1957 1391 2009 0110111113Ρο010
1412 1963 1453 1996 et
1473 1956 1655 2007 diligen-

328 2020 397 2052 ter
421 2014 560 2051 omnia
577 2014 621 2051 in
639 2019 781 2064 partes
803 2019 874 2052 aut
890 2018 1041 2065 genera
1062 2013 1288 2062 distribuit,
1314 2025 1496 2065 quaeque
1513 2012 1564 2050 ab
1576 2012 1655 2051 illa

335 2081 407 2117 12,
452 2081 477 2107 2
509 2068 791 2120 distinguitur.
845 2068 980 2107 Probo
1003 2069 1132 2121 igitur
1158 2067 1491 2122 ἐποικοδομίαν,
1541 2066 1654 2119 quod

327 2124 480 2164 Portus
503 2131 545 2163 et
565 2124 705 2163 Morus
725 2138 748 2163 e
771 2124 1015 2163 coniectura
1038 2124 1400 2173 commendarunt,
1424 2123 1493 2175 qui
1512 2129 1654 2160 tamen

328 2180 375 2218 in
393 2180 481 2233 ipsa
500 2180 682 2218 nominis
708 2180 1053 2231 interpretatione
1077 2179 1176 2218 abe]
1177 2185 1326 2218 rarunt
1346 2193 1370 2217 a
1389 2192 1506 2219 vero.
1528 2169 1653 2216 Por-

327 2242 396 2274 tus
424 2235 672 2288 simpliciter
699 2235 829 2274 vertit
850 2234 891 2273 11.
914 2235 942 2273 l.
951 2236 1047 2289 freq
1050 2239 1322 2274 uentatlonem
1348 2249 1480 2274 rerum
1502 2235 1567 2273 vel
1583 2234 1653 2272 asl-

316 2291 520 2345 ιῙὲοιέιιιιηι,
546 2297 588 2330 01
607 2291 673 2343 59,
695 2303 734 2340 2,
762 2291 836 2329 vbi
860 2290 1003 2329 eadem
1022 2304 1091 2329 103
1117 2290 1273 2329 dicitur
1297 2288 1655 2344 ἑποικοδόμησις,

328 2354 600 2394 structuram,
626 2346 769 2384 Morus
796 2345 867 2384 1110
897 2348 1070 2386 aliorum
1099 2361 1217 2399 super
1245 2348 1330 2386 αῖια
1350 2347 1650 2385 accumulatio-

330 2415 438 2452 nem,
465 2402 524 2441 ibi
551 2404 899 2441 constructionem.
957 2402 1114 2441 Verum
1139 2409 1200 2441 est
1221 2402 1249 2442 i.
1274 2416 1312 2454 q.
1336 2402 1514 2468 κλίμαξ,
1547 2415 1649 2454 gra-

328 2458 455 2497 datio.
483 2456 720 2496 Eustathius
743 2457 795 2495 ad
813 2455 1001 2512 11111ᾶ.β,
1024 2471 1065 2510 p.
1081 2460 1173 2498 181.
1188 2458 1252 2498 ed.
1268 2457 1386 2497 Rom.
1420 2456 1482 2497 To
1501 2455 1649 2510 σχῆμα

327 2513 404 2554 τοῦ
430 2513 648 2577 ῥηθέντος
655 2515 819 2566 χωρίου
848 2516 1041 2567 κλίμακα
1074 2518 1152 2554 καὶ
1170 2511 1439 2569 κλιμακωτον
1456 2515 1526 2575 λέγ
1528 2524 1656 2551 ουσιν’

329 2574 375 2609 οἱ
394 2572 600 2618 παλαιοὶ,
628 2564 763 2622 ’ἕτεροι
783 2568 825 2608 δὲ
841 2569 1186 2626 ἑποικοδόμησιν.
1229 2570 1418 2618 Vossius,
1446 2568 1516 2619 qui
1534 2567 1648 2605 hunc

326 2624 471 2665 locum
501 2625 678 2663 Institut.
708 2625 825 2663 Orat.
855 2624 899 2663 L.
930 2626 979 2666 V.
1012 2640 1052 2678 p.
1074 2627 1167 2678 294.
1189 2626 1373 2674 notauit,
1400 2623 1538 2661 firmat
1558 2621 1647 2660 Eu.-

328 2680 471 2721 stathii
498 2680 783 2721 testimonium
810 2681 950 2723 verbis
976 2682 1212 2722 Aristotelis
1241 2681 1293 2721 de
1321 2692 1460 2735 gener.
1487 2678 1646 2718 anima-
