1752 3118
327 309 455 343 Lvm
494 346 503 351 ,
555 291 940 341 RECENSIO
986 292 1439 341 EDITIONVM

326 418 479 477 tibus3
511 417 819 466 volitantibus
837 419 983 466 etiam
1001 437 1086 483 per
1107 417 1297 465 coelum
1323 417 1498 475 verbis,
1535 418 1640 481 qui-

325 485 442 547 bus,
489 485 685 548 opinor,
730 486 849 546 alleg
835 486 979 532 roriea
1018 487 1202 551 pictura
1235 485 1390 530 lucem
1425 484 1635 549 accipiat.

323 551 423 599 Sed
449 551 546 598 hoc
570 553 679 598 leue
700 566 746 598 et
768 553 922 599 ludici
926 572 1019 599 um.
1087 551 1212 598 Illud
1238 565 1407 601 antem
1421 553 1636 615 quemuis

324 616 551 666 lectorem
591 617 832 666 offendere
860 618 1021 680 debet,
1066 618 1201 683 quod
1232 618 1435 681 priorem
1478 637 1639 682 quam-

325 703 420 750 que
441 686 655 749 paginam
678 686 832 733 versio
855 685 1016 732 Petrae
1038 699 1257 761 occupat,
1292 685 1526 749 posterior
1543 701 1638 733 tex-

323 752 395 799 tui
417 752 599 798 Graeco
621 752 782 799 relicta
807 765 874 800 est
895 753 1090 799 minutis
1110 753 1314 799 litteris
1303 766 1638 814 1mpresso:ct

322 817 444 870 haec
464 799 723 881 mdnginem
749 819 890 866 habet
908 822 1067 866 inulto
1084 821 1326 879 latiorem,
1364 836 1505 881 quam
1530 819 1635 879 illa,

323 886 437 950 quia
466 886 513 932 in
543 903 600 931 eo
636 885 820 932 scholia
844 886 1011 934 Petrae
1037 887 1210 950 scripta
1236 856 1369 944 sun’t,
1405 886 1455 932 in
1485 887 1633 935 altero

319 952 463 1017 plane
487 951 623 998 nihil.
689 952 822 999 Haec
843 953 960 1000 ratio
992 970 1076 1017 per
1099 967 1253 1000 totum
1277 953 1451 999 librum
1481 971 1636 1000 serua-

316 1032 424 1065 tur:
461 1020 602 1066 aJtera
627 1035 795 1083 nempe
818 1020 986 1082 pagina
1010 1022 1281 1066 columnam
1301 1019 1446 1066 habet
1465 1020 1633 1081 latam,

318 1085 495 1132 litteras
524 1085 712 1132 Latinas
742 1085 1039 1150 grandior08‚
1076 1088 1334 1149 marginem
1362 1101 1634 1150 angustum,

319 1170 526 1215 cumque
561 1171 735 1217 purum
774 1167 820 1199 et
852 1171 1049 1200 vacuum
1062 1172 1076 1208 ;
1127 1154 1178 1207 iu
1213 1153 1356 1199 altera
1400 1154 1634 1201 contraria

317 1220 480 1266 omnia
495 1220 726 1268 visuntur.
782 1219 880 1267 Sed
901 1220 959 1266 ad
980 1222 1168 1284 potiora
1188 1219 1524 1267 transeundum
1549 1233 1632 1266 est.

310 1285 376 1334 In
406 1287 562 1338 fronte
589 1287 700 1334 libri
731 1288 896 1364 posita·
913 1302 981 1334 est
1011 1287 1303 1334 oratiuncula
1331 1285 1528 1334 cditmis
1553 1287 1635 1332 Iu—

315 1354 499 1400 ventuti
531 1352 852 1401 Academicae
883 1355 1126 1416 insclipta‚
1166 1355 1304 1417 plena
1335 1355 1414 1400 illa
1446 1368 1635 1400 senten-

313 1416 401 1467 tiis
425 1421 598 1482 argutis
626 1435 672 1467 et
697 1421 922 1467 obscuris,
989 1421 1090 1467 Ea
1078 1438 1275 1468 Luuenes
1294 1420 1356 1467 ad
1372 1420 1531 1468 studia
1559 1421 1636 1467 lit-

314 1499 520 1533 terarum
554 1488 826 1534 excitantur.
894 1487 1094 1550 Reliqua
1115 1487 1272 1534 omnia
1296 1486 1477 1547 editor,
1512 1487 1634 1535 nihil

313 1570 539 1614 monem,
576 1572 632 1601 ex
654 1553 863 1601 editione
882 1553 1047 1600 Petrae
1075 1554 1223 1616 repeti
1247 1554 1457 1611 curauit,
1495 1555 1635 1603 omis-

314 1638 369 1667 so
389 1635 569 1682 tamen,
607 1620 741 1684 quod
765 1621 972 1678 mireris,
1007 1620 1165 1668 indice
1181 1656 1194 1679 ‚
1232 1639 1339 1667 cum
1367 1620 1634 1684 inscriptio-

311 1688 366 1735 ni
391 1687 510 1734 haec
538 1689 683 1736 verba
715 1687 896 1734 adiecta
928 1687 1042 1734 sint:
1079 1691 1342 1735 Edenslum
1369 1692 1633 1735 curauit...

308 1757 379 1802 ¹G.
399 1758 462 1803 L.
484 1773 611 1802 oum
637 1758 856 1801 indice.
920 1754 1002 1801 Ad
1023 1756 1197 1808 calcem
1219 1754 1330 1800 libri
1355 1753 1634 1801 adiunctum

306 1834 382 1868 ,est
407 1821 747 1869 NOTARVM
768 1820 1199 1879 AVGTARIVM,
1238 1833 1335 1884 quo
1360 1838 1451 1867 vno
1477 1821 1634 1884 Lange

309 1888 506 1936 haenius
530 1889 711 1946 effecit,
746 1901 800 1937 vt
827 1906 937 1935 cum
955 1887 1094 1935 laude
1115 1889 1238 1934 inter-
1260 1887 1473 1937 editores.
1494 1905 1630 1938 com-

304 1956 563 2006 memorari
604 1969 776 2021 posset.
843 1956 1032 2018 Paginis
1069 1956 1198 2003 enim
1232 1959 1324 2002 118
1354 1972 1455 2001 non
1485 1972 1632 2018 pauca

306 2023 547 2083 continet,
584 2040 704 2087 quae
724 2040 814 2086 per·
831 2023 983 2069 otium
1005 2041 1113 2069 cum
1135 2024 1293 2068 fructu
1314 2021 1496 2086 possint
1522 2021 1631 2084 legi,

302 2089 421 2137 -lieet
466 2089 525 2136 ad
569 2088 917 2137 emendandum
959 2103 1040 2136 aut
1075 2088 1408 2153 explicandum
1450 2088 1632 2136 librum

307 2158 466 2221 :ipsum
493 2157 659 2221 paucis
683 2158 734 2211 in
757 2156 882 2203 locis
905 2157 1088 2204 faciant.
1157 2156 1213 2203 In
1237 2169 1442 2202 extrema
1462 2155 1632 2217 harum

306 2240 527 2272 notarum
572 2239 706 2288 parte
750 2222 959 2271 subsidia
994 2236 1356 2281 commemorat,
1408 2239 1528 2285 quae
1572 2221 1634 2269 ad

307 2290 549 2339 edendum
566 2292 847 2355 scriptorem
868 2308 916 2338 π.
946 2290 992 2336 ὑ.
1013 2291 1207 2350 hahuit,
1243 2290 1292 2336 in
1314 2289 1389 2334 his
1411 2288 1632 2337 codicem

305 2360 703 2417 Daditlziaffnum,
744 2357 802 2404 de
837 2375 935 2421 quo
971 2358 1113 2405 verba
1162 2359 1261 2404 cius
1299 2373 1440 2419 supra
1476 2356 1628 2419 posui.

296 2425 444 2482 >Quae
482 2425 621 2473 verba
649 2426 732 2489 qui
762 2423 838 2473 vel
873 2425 974 2472 sola
1001 2423 1335 2487 legerit‚11isi
1362 2423 1451 2469 alia
1477 2423 1633 2486 Lang-

305 2492 469 2540 baenii
490 2492 620 2539 norit
645 2510 816 2568 opera3
864 2508 962 2539 non
990 2505 1146 2555 potest
1170 2509 1269 2541 non
1297 2489 1483 2550 mirari,
1522 2507 1631 2537 eum

295 2560 369 2607 -ab
391 2558 634 2606 Hudsono
652 2560 748 2609 dici
769 2559 921 2605 virum
948 2559 1022 2605 sui
1046 2559 1150 2605 aeui
1177 2556 1611 2606 eminentissimum.

406 2625 680 2675 Editioucm
726 2628 959 2674 hactenus
1000 2624 1286 2690 descriptam
1332 2622 1506 2686 excipit
1549 2640 1629 2682 eu,

308 2711 430 2760 quae
475 2695 607 2741 hunc
648 2693 856 2744 indicem
902 2692 1073 2747 habet:
1131 2693 1369 2755 Dionysii
1410 2693 1632 2753 Longini
