1752 3118
322 294 538 330 Lxxxxw
616 276 1145 327 DISSERTATIO
1181 278 1278 326 DE
1313 279 1511 331 VITA

320 402 435 453 loco
454 416 674 467 apparet,
708 402 1011 479 Longinum,
1057 416 1243 478 praeter
1279 403 1538 467 scriptores
1570 422 1648 452 ve-

312 481 464 529 teres,
497 469 639 516 etiam
656 470 794 517 aetati
811 487 921 517 suae
942 469 1182 533 proximos
1204 470 1510 517 recensuisse.
1545 471 1646 518 De-

319 535 468 601 nique
489 538 557 583 τοὶ
581 539 695 599 περὶ
714 535 1065 600 Ξενοφῶντος,
1102 552 1225 598 quae
1248 535 1350 600 ip‘se
1373 540 1438 584 II.
1461 540 1510 585 Υ
1532 553 1644 585 sect.

320 607 367 652 8..
398 617 764 664 commemorat,
799 603 890 651 nisi
920 602 1027 665 quis
1066 620 1156 666 pro
1192 604 1564 651 Commentariis
1594 608 1646 652 in

319 671 696 733 Xenophontem
715 668 890 716 habere
905 669 1019 717 velit
1035 704 1048 729 ,
1076 681 1260 732 partem
1284 669 1486 718 arbitror
1502 671 1645 719 fuisse

319 736 423 783 τῶν
456 733 772 796 Φιλολόγων.
839 736 1012 800 Neque
1046 735 1470 799 enimXenophon
1492 737 1543 786 in
1568 738 1646 786 tali

319 819 518 853 censura
538 802 784 868 praeteriri
806 803 978 868 potuit.

898 961 1071 1025 §Uxi

418 1063 628 1114 Athenis
652 1081 910 1132 postquam
929 1056 1188 1129 Longinus
1197 1064 1376 1114 honam
1384 1066 1513 1116 vitae
1535 1085 1646 1131 par-

318 1146 416 1180 tem
445 1150 557 1180 cum
575 1134 823 1182 iuuentute
847 1132 1134 1194 erudienda,
1171 1148 1272 1180 tum
1293 1133 1579 1198 praeclaris
1567 1153 1648 1181 ιηω

319 1199 458 1263 genii
470 1201 793 1276 monumentis
816 1199 1085 1248 condendis
1108 1201 1367 1263 exegisset,
1403 1201 1552 1267 patria
1572 1219 1643 1249 ie·-

316 1267 458 1326 licta,
493 1266 544 1313 in
575 1267 822 1315 Orientem
845 1267 994 1344 ,abist’
1029 1268 1129 1315 siue
1157 1282 1207 1315 vt
1242 1268 1641 1331 consanguineos,

315 1327 502 1386 Emisae
520 1325 812 1394 habitantes,
842 1333 1099 1392 inuiseret,
1129 1334 1232 1383 siue
1255 1349 1305 1383 vt
1318 1334 1386 1381 ibi
1408 1333 1642 1382 heredita-

316 1400 441 1447 rium
471 1400 721 1464 negotium
754 1418 859 1465 agei
863 1415 923 1449 et
1007 1371 1099 1447 Pei-
1129 1401 1281 1462 hanc,
1318 1401 1395 1478 ‚¹³,i
1405 1401 1614 1448 fallimur
1626 1439 1640 1461 ,

318 1466 651 1529 occasionem,
690 1467 913 1530 cognitus
938 1480 1007 1514 est
1032 1485 1057 1514 a
1082 1467 1231 1517 virilis
1257 1468 1400 1515 animi
1424 1468 1639 1528 muliere,

316 1547 365 1581 et
401 1534 523 1582 nulli
553 1534 814 1598 priscarum
843 1533 1099 1582 heroidum
1131 1533 1364 1596 secunda,
1412 1534 1641 1599 Septimia

314 1600 556 1663 Zenobia,
609 1619 729 1666 quae
759 1616 861 1650 tum
905 1600 1162 1648 Orientis
1149 1602 1405 1678 imperium
1438 1603 1640 1650 tenebat.

309 1667 455 1734 Quae
474 1686 571 1717 non
589 1669 773 1717 minore
791 1668 1001 1733 ingenio,
1034 1686 1211 1732 qnam
1201 1669 1374 1726 animo,
1409 1668 1639 1733 praedita,

313 1753 429 1782 cum
446 1736 596 1784 bonas
616 1750 738 1784 artes
761 1734 1023 1794 adamaiet,
1058 1735 1331 1799 Longinum
1351 1736 1640 1785 Graecarum

309 1803 556 1852 literarum
574 1803 846 1867 magistrum
869 1801 1098 1850 adhibuit.
1153 1802 1425 1867 Vopiscus'
1412 1821 1463 1849 iu
1484 1803 1638 1850 Aure-

310 1870 419 1918 lian.
443 1874 520 1919 50.
544 1889 639 1935 quo
664 1869 936 1935 (Longino)
961 1872 1051 1917 illa
1074 1873 1313 1932 magistro
1335 1887 1426 1918 vsa
1445 1889 1548 1919 esse
1569 1875 1639 1919 ad

318 1940 542 1986 Graecas
569 1941 738 1986 literas
755 1940 950 1986 dicitur.
1022 1936 1134 1993 Quo
1159 1954 1278 1993 vno,
1318 1936 1357 1983 si
1378 1938 1495 2000 quid
1516 1937 1638 1984 iudi-

312 2022 505 2065 camus,
550 2019 826 2082 argumento
861 2002 1074 2052 concidit
1105 2004 1264 2051 fabula
1301 2002 1362 2050 de
1392 2004 1636 2052 Zenobiae

307 2070 575 2134 Iudaismo,
627 2090 763 2138 saepe
808 2072 973 2120 iactata
1008 2071 1065 2118 ab
1101 2069 1343 2119 Ecclesiae
1386 2070 1634 2133 Panibus,

309 2139 572 2188 Athanasio
595 2139 743 2205 Epist.
765 2139 825 2187 ad
853 2139 1046 2187 Solitar.
1074 2132 1118 2184 Γ
1123 2156 1214 2187 om
1239 2139 1277 2186 I.
1307 2137 1433 2203 Opp.
1454 2157 1496 2202 p.
1524 2141 1635 2187 586.

308 2204 489 2254 Photio
509 2206 633 2254 Bibl.
637 2160 774 2255 P.Cod
796 2205 1030 2255 CCLXV.
1060 2225 1105 2271 p.
1121 2210 1258 2267 1470.
1286 2218 1332 2252 et
1356 2205 1475 2264 aliis,
1512 2223 1635 2271 quos

311 2272 492 2323 indicat
526 2274 820 2322 Moshemius
856 2273 1037 2320 Histor.
1072 2272 1321 2321 Christian.
1359 2273 1510 2319 seculi
1545 2273 1641 2321 ΙΙΙ.

309 2356 359 2405 Ρ.
383 2342 490 2401 706.
552 2341 672 2398 Quis
702 2341 828 2390 enim
859 2340 1046 2399 credat,
1093 2338 1315 2388 Iudaeam
1344 2339 1635 2389 Graecarum

310 2407 557 2456 literarum
575 2410 875 2472 magistrum,
914 2424 1116 2471 eumque
1144 2406 1517 2472 philosophum,
1552 2425 1637 2460 (ὲκ-ω

308 2473 541 2540 petiisse?
577 2474 723 2523 Cuius
746 2475 895 2540 gentis
908 2489 1140 2539 quantum
1170 2475 1219 2522 in
1243 2476 1445 2522 Graecas
1471 2475 1634 2529 literas

312 2556 360 2590 et
382 2541 744 2606 *philosophiam
777 2541 943 2589 odium
975 2543 1144 2601 fuerit,
1193 2543 1313 2589 nihil
1348 2542 1509 2589 attinet
1540 2541 1634 2590 dis·

309 2623 475 2673 putare
500 2623 608 2673 post
637 2610 928 2658 luculentam
966 2608 1422 2658 demonstrationem
1446 2608 1633 2656 Ernesti

311 2674 376 2725 V.
391 2676 450 2737 [C.
476 2676 655 2744 Opuse.
673 2677 850 2736 PhiloL
873 2696 921 2742 Ρ.
946 2680 1056 2738 408.
1103 2677 1245 2726 Vnde
1267 2678 1409 2743 igitur
1429 2676 1515 2740 ist-a
1536 2694 1653 2742 nia-.
