1752 3118
473 299 571 349 DE
598 295 939 347 LIBROJI.
976 301 1028 348 Y.
1250 321 1419 357 cxxxv

98 428 164 474 τῶ
196 426 366 490 πάντη
393 422 747 489 συνυπάρχειν
768 439 822 470 τε
845 421 912 470 a)
915 420 1092 487 ληλοις
1111 424 1206 470 καὶ
1225 439 1414 488 συμπε.

97 514 136 559 (p
141 492 334 542 υκὲναι.

622 556 661 620 §.
696 520 886 605 xxvi

192 636 434 698 Alterum,
478 634 612 700 quod
645 652 908 702 anonymus
941 634 1104 682 noster
1137 635 1303 699 tradit,
1345 639 1411 687 fa-

93 703 311 751 cultatem
336 719 499 768 graues
532 706 727 752 affectus
749 700 981 750 mouendi
1009 701 1178 750 maiori
1201 721 1257 751 ex
1278 722 1361 772 pai
1365 720 1410 754 te

90 788 260 818 munus
286 787 387 818 esse
408 783 621 828 naturae,
657 787 756 818 non
779 768 966 835 putauit
989 770 1273 832 argumentis
1300 788 1411 836 ege-

90 853 165 884 rze
219 852 265 884 et
301 851 371 885 est
405 854 515 884 sane
551 836 747 886 minime
783 836 996 884 dubium.
1066 835 1119 882 Si
1153 837 1310 903 enim,
1356 838 1410 888 id

91 902 223 969 quod
246 921 386 951 nemo
408 905 624 966 negabit,
663 903 921 952 sententiae
943 901 1151 970 grandes
1169 905 1362 953 nonnisi
1383 924 1410 955 a

88 988 261 1035 magno
292 971 483 1036 ingenio
509 971 846 1032 inueniuntur,
882 983 929 1018 et
955 970 994 1016 si
1025 958 1218 1018 eaedem
1238 969 1408 1022 harum

89 1038 491 1100 commotionum,
524 1038 577 1086 id
597 1037 729 1104 quod
754 1037 911 1086 modo
930 1038 1123 1101 planum
1147 1037 1238 1085 fec1
1247 1075 1283 1097 ‚
1300 1055 1410 1090 sunt

91 1106 373 1164 effectrices,
421 1105 660 1171 sequitur,
695 1118 746 1154 vt
783 1105 864 1152 illa
895 1105 1090 1152 facultas
1122 1105 1225 1151 ab
1211 1108 1407 1170 ingenio

87 1175 279 1220 naturae
308 1189 506 1220 munere
536 1172 647 1221 dato
675 1171 892 1236 pendeat.
943 1170 1270 1219 Veiuntamen
1301 1173 1406 1237 ipse

85 1237 281 1287 fortasse
306 1239 442 1286 aliter
463 1253 532 1287 est
552 1250 911 1303 argumentatus.
968 1236 1131 1284 Primo
1151 1252 1200 1286 vt
1223 1254 1406 1301 notum,

88 1305 276 1371 opinor,
313 1306 492 1370 posuit,
517 1304 652 1371 quod
671 1323 781 1354 vsus
799 1304 1051 1354 hominum
1074 1302 1237 1365 docet,
1259 1304 1407 1355 alium

86 1373 180 1420 alio
202 1372 481 1421 molliorem
501 1391 603 1421 esse
624 1371 682 1420 ad
705 1375 898 1420 affectus
920 1368 1277 1435 concipiendos,
1311 1373 1409 1422 De«

87 1438 198 1486 inde
232 1454 277 1488 et
303 1439 429 1487 illud
447 1441 588 1487 tacite
609 1440 734 1487 sumi
759 1456 900 1504 posse
925 1437 1234 1501 existimauit,
1271 1440 1408 1505 quod

87 1506 242 1554 verbis
254 1507 458 1567 Horatii,
483 1510 540 1556 Si
563 1510 637 1554 vis
665 1509 905 1568 meflece,
931 1504 1194 1554 dolendum
1212 1516 1284 1554 est
1295 1511 1410 1571 pri-

86 1591 219 1621 mum
248 1577 347 1638 ipsi
380 1575 491 1634 tihi,
543 1572 693 1621 hodie
722 1574 820 1620 sere
854 1589 1130 1632 monemui,
1178 1573 1407 1637 quodque

86 1640 224 1687 latius
235 1653 392 1704 patere
410 1653 456 1686 ct
472 1639 530 1686 ad
548 1656 713 1686 omnes
732 1639 923 1686 affectus
941 1638 1407 1688 accommodandum

87 1723 205 1765 esse,
241 1710 456 1753 rhetores
476 1721 523 1753 et
543 1705 771 1770 philosop
774 1704 826 1752 hi
849 1721 1013 1753 omnes
1028 1704 1216 1752 docent
1255 1706 1407 1763 Quod

85 1785 239 1820 autem
266 1790 363 1820 non
391 1773 666 1838 simpliciter
687 1772 827 1833 dicit,
862 1772 1132 1819 facultatem
1155 1772 1287 1819 illam
1312 1773 1407 1819 cce}-

85 1840 272 1900 θιγετῗ
239 1859 268 1905 η
289 1838 536 1888 σύστασιν
563 1856 682 1898 esse,
718 1837 804 1886 sed
826 1856 937 1887 cum
956 1839 1305 1903 significatione
1332 1856 1408 1888 ex-

85 1907 344 1972 ceptionis,
379 1911 520 1955 merc?
541 1910 600 1955 τὸ
621 1904 801 1964 πλέον,
832 1906 929 1954 hoc
946 1905 1194 1970 reliquisse
1223 1904 1408 1955 videtur

84 1974 196 2036 arti,
224 1973 356 2039 quod
377 1977 587 2022 sectione
603 1992 621 2021 1
634 1977 676 2022 5.
689 1972 942 2038 praecipit,
964 1971 1023 2019 ad
1046 1989 1210 2036 graues
1233 1990 1408 2038 nempe

84 2056 243 2090 motus
278 2042 328 2089 in
362 2042 531 2090 animis
563 2039 902 2120 imprimendos
932 2039 1248 2102 φαντασίαις
1276 2053 1408 2087 vtend

87 2108 199 2155 dum
223 2125 351 2171 esse,
388 2107 522 2174 quod
540 2110 648 2169 fiat,
684 2105 826 2161 ὅταν,
860 2103 1080 2171 αἳὲγῃς,
1115 2105 1201 2152 wc'
1220 2108 1276 2153 ἐν
1266 2105 1410 2153 θου-

86 2176 310 2238 σιασμοῦ
343 2180 436 2224 καὶ
472 2174 686 2231 πάθους
719 2172 937 2233 βλέπειν
972 2171 1151 2238 δοκῇς,
1184 2177 1301 2221 καὶ
1319 2171 1408 2220 wz'

89 2242 214 2305 ὄψιν
240 2243 391 2308 τιθῆς
417 2247 522 2300 τοῖς
548 2241 849 2290 ακούουσιν.

610 2353 650 2417 §·
684 2352 899 2402 XXVII.

191 2431 338 2488 Quod
363 2433 572 2481 sectione
599 2450 675 2481 10.
701 2434 981 2496 exponitur,
1017 2449 1118 2481 esse
1139 2429 1312 2493 ὕψους
1334 2433 1410 2480 αἴ·

90 2517 204 2547 τιοι
219 2535 230 2553 ,
285 2517 305 2546 1
327 2501 421 2564 )rd
457 2501 558 2548 τῶν
578 2498 950 2564 ἐμφερομένων
986 2502 1111 2582 (τοζς
1140 2498 1409 2564 πράγιιασι

92 2567 314 2628 μοοίων)
360 2564 586 2627 ἐκλέγειν
638 2567 723 2614 αεὶ
774 2571 841 2615 ‘cd
898 2567 1249 2629 καιριώτατα,
1315 2569 1411 2613 καὶ

95 2636 145 2694 2)
159 2635 331 2681 ταῦτα
353 2635 415 2697 τῆ
438 2637 563 2696 πρὸς
585 2634 791 2697 ἄλληλα
806 2631 1058 2683 ἕπισυνθέ
1040 2649 1136 2682 οσει
1158 2632 1408 2695 καθαπερ

92 2699 148 2747 ἕν
184 2720 233 2748 τι
270 2703 418 2763 σῶμα
454 2705 621 2749 ποιεῖν
656 2698 951 2760 δύνασθαι,
998 2703 1048 2748 in
1081 2713 1138 2748 eo
1175 2700 1408 2765 posterius
