1752 3118
318 288 402 330 338
600 283 830 330 NOTAE
865 284 948 327 AD
987 284 1070 326 DE
1108 285 1362 330 SVBLiM.

317 400 414 440 loca
432 411 518 437 non
537 397 693 438 notaui.
751 396 936 436 Omnino
958 404 1096 437 autem
1120 399 1227 448 certi
1242 398 1352 438 nihil
1377 399 1514 441 adhue
1544 401 1650 441 defi..

318 456 414 497 nire
445 455 578 494 volui.

399 510 440 565 ς.
464 510 504 549 3.
532 507 811 564 παραλλήλων
837 512 880 550 ἐν
893 508 1113 565 χρώμασι]
1153 509 1416 562 Antiquiores
1436 511 1650 564 interpre-

318 573 383 607 tes
404 566 486 606 hoc
503 566 635 618 plane·
651 578 736 603 non
757 565 1079 615 intellexerunt,
1107 565 1204 618 quia
1222 568 1348 604 lineas
1367 570 1529 620 aequali
1545 572 1653 606 inter·

317 637 364 663 se
373 624 506 676 spatio
528 622 726 661 distantes
743 626 986 672 posuerunt.
1016 621 1164 661 Melius
1177 621 1275 659 inde
1296 621 1469 659 aTollio
1480 628 1652 661 vertunt

319 682 440 718 iuxta
467 692 528 726 se,
547 683 596 716 vt
621 677 698 715 lux
728 682 770 714 et
799 676 949 715 vmbra
979 676 1035 716 sit
1059 689 1266 728 expressa.
1319 675 1402 714 Sed
1420 676 1523 714 haec
1544 678 1653 716 lucis

321 740 366 773 et
383 734 553 772 Vmbrae
573 732 729 770 vicinia
752 731 836 769 iam
866 731 1121 782 exprimitur
1149 732 1289 771 verbis
1320 735 1390 771 ἐπὶ
1417 731 1492 772 τοῦ
1522 731 1655 773 αὐτοῦ

320 804 434 844 κειμ.
455 786 679 829 ἐπιπέδοω
704 793 747 825 et
762 790 805 827 ἐν
819 785 1027 840 χρώμασι
1053 800 1140 825 non
1174 793 1310 839 potest
1337 800 1423 826 esse
1457 788 1654 828 otiosum.

321 843 407 896 Ego
425 844 550 895 igitur
572 840 824 894 παράλληλα
843 845 886 882 ἐν
899 855 973 894 χρ.
995 847 1098 893 puto
1121 855 1207 881 esse
1230 844 1359 883 colore
1377 857 1459 882 non
1482 846 1653 883 multum

319 901 598 952 discrepantia
615 897 702 934 siue
720 897 856 936 eodem
863 896 955 948 fere
976 898 1106 936 colore
1121 912 1318 951 expressa.
1375 898 1532 937 Eodem
1555 912 1654 937 sen-

326 969 379 995 su
402 954 591 992 rhetores
613 957 655 990 et
669 951 931 1003 grammatici
951 951 1062 990 dicta
1082 951 1336 1005 παράλληλα
1358 961 1522 1003 vocant,
1546 967 1651 1007 quae

322 1010 377 1050 ad
408 1007 585 1047 eundem
613 1007 705 1046 fere
731 1006 913 1045 redeunt
946 1020 1110 1046 sensum
1147 1015 1188 1047 et
1214 1009 1353 1047 verbis
1374 1008 1654 1062 discrepantia.

321 1068 560 1115 congruunt
581 1063 627 1100 in
648 1062 853 1100 sententia
872 1061 974 1114 ipsa.
1029 1062 1108 1101 Illa
1126 1063 1254 1114 igitur
1276 1064 1311 1101 si
1331 1071 1446 1102 recte
1470 1065 1580 1116 cepi,
1598 1065 1651 1104 de

321 1119 666 1159 monochromate
683 1118 866 1170 cogitare
893 1117 1102 1166 debemus,
1127 1124 1174 1156 vt
1191 1120 1266 1158 sub
1291 1120 1440 1158 vmbra
1460 1133 1546 1158 non
1566 1127 1653 1159 tam

322 1175 519 1219 tenebras
536 1173 837 1225 intelligamus,
866 1185 989 1225 quam
1005 1178 1283 1226 temperatam
1312 1175 1546 1214 obscuriori
1579 1189 1652 1214 co-

321 1231 421 1271 lore
440 1230 595 1268 lucem.

407 1290 484 1326 καὶ
505 1284 557 1326 οὐ
572 1282 723 1340 μόνον]
750 1282 935 1322 Boiuinii
960 1283 1069 1323 hanc
1100 1284 1385 1325 coniecturam
1413 1301 1492 1339 pro
1523 1287 1655 1329 καιό-

321 1357 473 1398 μενον,
518 1340 631 1392 quod
658 1340 811 1391 vbique
840 1339 1077 1391 legebatur,
1112 1343 1416 1394 recte-recepit
1447 1342 1654 1393 Pearcius,

321 1397 569 1451 praesertim
588 1409 683 1434 cum
702 1408 800 1434 mox
819 1393 929 1434 ἀλλά
950 1395 997 1433 in
1021 1396 1114 1435 Par.
1146 1394 1210 1433 El.
1240 1397 1383 1436 Ambr.
1417 1398 1511 1438 Vat.
1530 1399 1567 1437 3.
1587 1412 1654 1451 pr.

324 1454 390 1492 ed.
417 1457 629 1501 occurrat,
658 1449 768 1503 quod
789 1450 968 1489 editores
986 1450 1085 1489 inde
1114 1465 1139 1491 a
1158 1450 1345 1491 Manutio
1364 1454 1654 1506 neglexerunt.

326 1508 496 1548 Monvs.

409 1567 504 1608 ταῖς
523 1564 688 1618 ψυχαῖς
704 1561 828 1618 ἡμῶν
847 1565 1046 1617 ἐγγυτέρω
1070 1577 1109 1602 κ.
1131 1563 1229 1616 εἴα]
1257 1562 1310 1602 Et
1330 1564 1589 1615 comparatio
1611 1570 1654 1603 et

263 1662 271 1664 s
321 1633 391 1660 res
410 1621 502 1673 ipsa
519 1620 584 1659 his
601 1621 659 1658 ita
683 1619 848 1671 scriptis
882 1618 1140 1661 aduersatur.
1196 1619 1496 1671 Reponendum
1526 1626 1652 1672 puto:

322 1693 360 1717 τ.
380 1684 431 1730 ψ.
459 1674 580 1730 ἡμῶν
602 1674 679 1715 οὐκ
696 1678 896 1728 ἐγγυτέρω
918 1677 1115 1728 κείμενα,
1155 1673 1230 1714 διά
1257 1689 1300 1715 τε
1332 1674 1522 1726 φυσικήν
1553 1691 1653 1716 τινα

324 1734 569 1783 συγγένειαν
589 1735 665 1772 καὶ
688 1729 762 1770 δια
776 1729 1058 1785 λαμπρότητα
1078 1729 1144 1770 οὲεὶ
1163 1729 1243 1771 τῶν
1265 1736 1421 1781 σχ.εί;ο.
1451 1731 1560 1769 Ante
1580 1735 1650 1785 ἐγ-

322 1803 410 1839 711⁶·
430 1787 626 1839 ponenda
647 1786 823 1838 negatio.
878 1785 986 1824 Nam
1003 1782 1117 1840 ὕψος
1138 1793 1178 1824 et
1208 1784 1355 1829 πάθος
1375 1793 1471 1825 sunt
1500 1787 1546 1825 in
1578 1801 1652 1825 eo·-

323 1843 421 1881 dem
441 1843 558 1893 quasi
577 1842 773 1892 ἐπιπέδῳ,
800 1854 881 1894 quo
902 1840 1129 1896 σχήματα,
1161 1848 1202 1879 et
1225 1842 1351 1880 simul
1369 1842 1555 1880 animum
1581 1843 1653 1880 af.-

319 1897 480 1936 ficiunt.
537 1897 697 1936 Deinde
742 1904 838 1950 post
883 1900 1054 1952 κείμενα
1093 1897 1335 1949 ponendum
1376 1903 1436 1935 est
1476 1911 1651 1946 comma,

320 1953 514 2006 idemque
535 1953 771 1992 tollendum
790 1958 885 2005 post
904 1952 1201 2007 λαμπρότητα.
1257 1951 1328 1990 Sic
1349 1953 1521 1993 veriora
1548 1952 1650 1992 fient

321 2009 466 2049 omnia
485 2015 528 2049 et
546 2009 847 2062 comparationi
867 2009 1046 2062 aptiora.
1586 2011 1603 2021 χ

766 2164 795 2203 S
824 2162 858 2203 E
888 2163 919 2202 C
948 2162 999 2203 T.
1056 2160 1220 2202 XVIII„

394 2240 435 2294 §.
464 2254 500 2281 1.
531 2240 608 2285 τοῖς
627 2240 791 2286 πεύσεις
809 2257 852 2283 τε
872 2245 949 2282 καὶ
964 2239 1197 2295 ἐρωτήσεις]
1235 2239 1373 2279 verba
1402 2240 1501 2280 satis
1533 2238 1649 2279 clare

320 2296 562 2346 ostendunt,
587 2298 817 2350 Longinum
836 2298 909 2337 has
930 2297 1079 2350 figuras
1103 2296 1301 2348 distingui
1318 2297 1513 2341 voluisse.
1541 2295 1651 2334 Sub-

319 2351 457 2389 tiliter
479 2352 554 2390 ille
576 2360 618 2392 et
639 2354 738 2392 alibi
757 2353 951 2405 disputat.
1007 2353 1147 2405 Itaque
1166 2352 1211 2390 in
1230 2352 1440 2404 principio
1458 2352 1558 2390 noui
1577 2365 1649 2389 ca-

321 2406 420 2458 pitis
439 2420 531 2445 rem
549 2421 636 2446 non
667 2408 809 2447 debuit
840 2407 1037 2461 populari
1065 2408 1226 2447 ratione
1252 2407 1460 2457 indicare,
1495 2407 1566 2445 sed
1602 2412 1651 2445 vt

320 2461 469 2500 rhetor
496 2469 538 2500 et
555 2463 823 2513 dialecticus,
851 2464 923 2516 qui
954 2464 1207 2517 distinguere
1235 2463 1379 2512 debet,
1412 2477 1516 2515 quae
1547 2475 1648 2501 vsus

320 2517 367 2553 in
385 2517 538 2556 scholis
560 2526 675 2558 certo
700 2519 937 2558 discrimine
959 2520 1178 2573 separauit.
1210 2520 1332 2558 Clare
1354 2525 1493 2558 autem
1514 2517 1650 2569 Aqui-

321 2571 365 2608 la
388 2573 590 2612 Romanus
610 2575 654 2612 in
676 2574 746 2613 lib.
778 2576 826 2614 de
841 2578 997 2628 figuris
1026 2578 1316 2616 sententiarum
1343 2584 1383 2615 et
1410 2576 1650 2614 elocutionis

321 2625 361 2678 §-
387 2640 448 2666 12.
469 2635 687 2682 postquam
716 2631 766 2669 de
792 2639 1004 2672 erotemate
1035 2633 1123 2671 siue
1149 2636 1400 2686 interrogato
1429 2630 1539 2668 dixit
1564 2629 1650 2683 (ad

320 2682 431 2734 quod
448 2697 566 2736 „vua
580 2699 683 2728 voce
702 2693 864 2728 tantum
885 2689 1132 2742 responderi
1150 2695 1312 2743 potest,
1339 2687 1411 2730 vel
1439 2699 1464 2728 a
1483 2698 1650 2739 negan-
