1752 3118
493 283 794 326 SECTION.
824 285 877 326 X.
913 284 954 338 §-
979 298 1020 327 α.
1342 302 1420 345 291

108 405 246 452 ζησις,
277 401 329 440 de
346 413 426 453 qua
442 411 529 437 nos·
535 397 578 435 in
598 396 717 436 Curis
738 396 901 436 Nouiss.
919 396 972 436 ad
993 396 1176 437 saidam.
1207 402 1420 443 Tovmvs

106 458 190 496 Cm
206 461 306 499 εἴκει
327 454 489 493 nullum
507 452 577 491 hic
595 452 738 491 locum
759 452 915 491 habere
948 453 1097 503 possit,
1135 466 1209 505 ego
1244 468 1330 495 non
1354 459 1422 496 vi-
1468 478 1471 481 ·

103 513 194 552 deo.
217 510 390 551 seruaui
410 523 457 548 el
458 522 528 561 go,
558 508 668 559 quod
690 507 883 548 Pearcius
905 514 946 546 et
961 506 1102 546 Morus
1124 520 1146 546 e
1172 509 1293 548 libiis
1319 519 1422 553 vett.

102 569 339 607 ediderunt.

214 622 383 677 κάμμεν
418 618 587 672 γλῶσσα
625 619 747 673 ἔαγε]
798 633 876 672 pro
908 619 1086 672 γλῶσσα
1109 618 1187 673 μὲν
1218 622 1422 675 κατέαγε,

102 680 246 731 lingua
266 678 349 730 ms
328 685 446 716 acta
466 683 536 715 est.
595 674 769 714 Seruaui
797 682 840 714 et
855 675 946 725 hic,
973 675 1084 727 quod
1111 674 1319 713 librorum
1344 691 1422 715 au..

103 734 270 771 ctoritas
302 733 443 770 iubere
470 730 662 779 videtur,
701 730 811 783 ἔαγε.
877 732 942 769 An
973 729 1076 779 hoc,
1126 729 1238 780 quod
1268 730 1423 770 dicitur

98 802 176 841 pel
179 788 335 826 fectum
360 786 506 835 medii,
546 786 633 824 vim
656 799 726 837 pas
719 788 862 825 sinam
878 793 919 824 et
939 786 1040 824 alibi
1062 785 1229 834 habeat,
1258 788 1425 836 nescio;

99 843 173 880 sed
192 857 244 882 ex
269 843 454 894 analogia
474 841 691 894 probabile
711 848 797 891 est,
834 847 875 880 et
898 847 1013 880 certe
1036 839 1311 879 insolentium
1336 843 1420 881 tale

97 911 267 936 carmen
288 904 450 937 ornant.
660 912 661 915 ¹

206 952 459 994 Ότπάτεσσι
490 952 523 994 ὃ
552 953 669 996 οὐδὲν
697 949 848 1008 ὅρημι,
888 951 1088 1008 βομβεῦσ’
1125 952 1198 995 Ἐν
1226 954 1260 995 δ’
1287 954 1424 997 α’κοαί

97 1010 193 1064 μοι]
242 1010 268 1047 i.
294 1023 327 1048 e.
359 1009 619 1074 ἑμβοαβεῦσί
645 1025 735 1064 μοι.
770 1009 982 1076 'Synesius
1014 1009 1143 1061 Epist.
1172 1011 1261 1050 123.
1299 1013 1427 1053 EM-‘

98 1067 339 1106 ΒΟΜΒΕῙ
362 1080 448 1119 μου
471 1070 563 1108 ταῖς
581 1064 736 1108 ακοαῖς
752 1064 782 1114 η’
800 1065 1034 1118 θαυμαστή
1055 1080 1132 1105 σου
1163 1066 1241 1105 τῶν
1273 1067 1422 1118 σοφῶν

97 1120 231 1172 λόγων
251 1119 358 1171 ἠχώ.
411 1120 558 1159 Plato
546 1133 590 1158 m
621 1120 813 1158 Critone.
843 1122 931 1160 EN
960 1122 1001 1158 F
1002 1122 1121 1160 MOI
1150 1122 1178 1169 ἡ
1205 1120 1327 1171 αὕτη
1336 1122 1422 1174 η’χη

97 1175 252 1217 τούτων
271 1175 350 1215 τῶν
367 1175 501 1227 λόγων
522 1176 773 1223 BOMBEI,
801 1178 876 1214 καὶ
892 1180 1015 1215 ποιεῖ’
1022 1191 1083 1229 μη
1101 1175 1319 1217 δύνασθαι
1340 1178 1423 1220 τῶν

95 1230 230 1271 ἄλλων
251 1229 431 1271 α’κούειν.
461 1230 496 1268 T
500 1243 672 1269 ovmvs,

180 1285 390 1335 τεθνάκην
410 1284 443 1325 δ’
461 1284 586 1337 ‹ii-lym
608 1283 836 1338 ’πιδεύσηή
878 1284 1067 1324 Primum
1098 1287 1275 1327 verbum
1303 1290 1420 1342 posi-

95 1349 185 1382 tum
207 1355 294 1380 esse
315 1342 466 1381 volunt
485 1355 563 1392 pro
590 1339 790 1382 τεθνάκεν
813 1341 902 1379 siue
926 1343 1013 1380 Att.
1038 1343 1300 1391 τεθνηκέναι
1343 1345 1420 1384 Se-

95 1399 266 1450 quentia
294 1398 430 1435 minus
463 1397 667 1436 laborant.
743 1395 905 1447 Nempe
934 1395 1058 1451 όλιγω
1091 1404 1154 1436 est
1182 1413 1273 1451 gen.
1300 1400 1420 1439 Aeol.

94 1467 174 1506 pro
196 1451 341 1504 ὀλίγου
365 1459 405 1490 et
423 1450 632 1507 ’πιδεύσην
648 1466 727 1504 pro
756 1450 986 1493 ἑπιδεύσειν
1015 1452 1104 1490 siue
1135 1454 1219 1492 Att.
1250 1454 1418 1504 ἐπιδεή-

96 1523 195 1549 σειν.
252 1513 391 1559 ltaque
413 1507 667 1545 constructio
699 1513 781 1546 est·
811 1508 1036 1560 Φαίνοααι
1057 1506 1097 1546 δ
1122 1507 1299 1559 ἄπνους,
1323 1507 1421 1564 (ὥς-

96 1570 150 1611 τε)
169 1563 314 1615 ὀλίγου
333 1563 415 1604 δεῖν
437 1565 708 1611 τεθνηκέναιε
736 1565 924 1616 spiritum
942 1577 1023 1601 non
1043 1562 1147 1602 duco
1159 1593 1174 1611 ,
1202 1569 1265 1606 ita
1283 1574 1327 1605 pt
1336 1581 1419 1620 pa-

92 1634 184 1658 rum
202 1621 330 1658 absim
346 1634 373 1658 a
395 1626 531 1657 morte.

179 1676 405 1729 Φαίνομαι
441 1672 630 1727 ἄπνους]
667 1672 736 1712 Sic
783 1674 1026 1726 scripsimus
1076 1689 1170 1714 cum
1209 1675 1417 1727 Manufio,

96 1743 216 1783 quem
239 1736 280 1770 et
300 1736 466 1768 secutus
486 1735 548 1767 est
569 1729 768 1768 Vrsinus:
798 1742 894 1767 nam
916 1730 1042 1769 Isaaci
1066 1731 1199 1769 vossii
1223 1733 1419 1771 emenda—

91 1787 154 1824 tio
174 1785 431 1837 ineptissima
454 1791 527 1824 est.
574 1784 734 1823 Poteris
758 1784 948 1836 quidem,
977 1785 1123 1838 idque,
1152 1787 1314 1839 opinor,
1341 1800 1416 1827 ve-

90 1842 203 1891 rius,
232 1841 428 1891 scribere,

202 1898 433 1965 Φαίνομαι
459 1920 569 1931 --—

202 1951 323 1993 Ἀλλα
353 1953 441 1994 πᾶν
469 1952 706 2008 τολματον,
736 1955 824 1994 ἐπεὶ
851 1956 1029 2004 πένητα.

93 2009 147 2047 Vt
164 2012 316 2047 nomen
339 2009 514 2048 ancujus
538 2009 757 2047 exciderit
815 2009 898 2048 Sed
919 2011 963 2048 in
982 2010 1047 2048 his
1070 2008 1282 2061 reliquiis,
1318 2016 1416 2060 'quas

93 2065 221 2115 magis
240 2064 445 2116 magisque
468 2071 750 2116 corruperunt
772 2065 857 2104 viri
886 2066 1000 2104 docti
1032 2071 1074 2104 et
1105 2064 1278 2114 indocti,
1307 2064 1417 2104 nihil

94 2120 199 2158 certi
219 2118 386 2157 definiri
414 2126 563 2172 potest.

180 2174 286 2212 Dum
320 2176 480 2224 omnia,
519 2188 622 2227 quae
653 2175 698 2215 in
727 2189 870 2216 amore
895 2177 1038 2215 in'sunt
1067 2176 1199 2226 mala,
1237 2189 1417 2228 percur-

94 2231 226 2270 rimus
242 2258 253 2279 ,
282 2231 489 2269 succurrit
516 2231 632 2270 locus
655 2232 793 2271 Plauti
822 2233 868 2271 in
898 2232 1148 2271 Curculione
1164 2261 1175 2280 ,
1199 2231 1272 2270 vbi
1291 2233 1418 2270 morbi

93 2288 298 2339 hepatem-ii
327 2286 481 2324 mentio
517 2293 600 2335 est;
634 2287 685 2325 de
714 2301 793 2340 quo
825 2288 967 2326 variae
998 2289 1171 2328 fuerunt
1195 2286 1414 2326 hominum

94 2340 338 2382 sententiae.
394 2340 465 2379 Est
487 2348 624 2380 autem
647 2346 733 2382 Act.
756 2343 806 2382 11.
828 2343 895 2382 Sc.
916 2356 951 2382 1.

371 2395 448 2433 PA.
474 2411 496 2434 ο
523 2400 713 2438 scelerum
730 2408 869 2453 caput,

206 2454 383 2494 Salueto.
414 2453 514 2504 qaid
538 2455 662 2506 agis?
719 2453 798 2493 CA.
834 2457 952 2496 Viuo.
1011 2452 1089 2492 PA.
1118 2468 1256 2509 nempe
1279 2462 1324 2493 vt
1349 2455 1419 2494 di-

775 2526 883 2566 gnus
909 2525 962 2550 es

205 2565 288 2605 Sed
311 2565 414 2617 quid
433 2565 507 2604 tibi
534 2567 627 2605 est?
683 2564 763 2605 CA.
791 2569 873 2606 lien
901 2573 1039 2612 necat,
1069 2580 1182 2605 renes
1210 2566 1359 2612 dolent,

206 2623 423 2662 Pulmones
453 2622 756 2668 distrahuntur,
786 2625 994 2662 cruciatur
1021 2625 1144 2667 iecur,

206 2677 382 2718 Radices
411 2678 542 2718 cordis
561 2685 758 2732 pereunt,
793 2679 907 2719 hirae
938 2691 1071 2717 omnes
1097 2677 1245 2717 dolent.

1055 2743 1148 2784 'ra
