1752 3118
229 271 507 315 LONGINI
540 269 621 310 DE
661 267 833 311 svssL.
870 266 1049 308 SECT.
1076 269 1124 310 11.
1149 269 1215 318 m,
1358 285 1386 327 9

61 404 157 437 tur.
228 388 351 452 Eget
385 386 514 434 enim
548 399 717 433 natura
759 400 902 449 saepe
945 400 1150 432 numero
1200 400 1251 434 vt
1295 387 1387 436 sti-

60 479 228 537 mulo,-
261 477 327 523 ita
363 488 410 522 et
442 474 594 522 freno.
673 471 802 522 Nam
848 471 988 538 quod
1031 472 1388 524 Demosthenes
1422 483 1452 527 5

64 569 210 628 dixit,
242 567 508 614 maximum
542 566 596 612 in
628 567 733 614 vita
765 564 946 613 bonum
976 580 1092 623 essc,
1123 568 1280 628 potiri
1300 585 1391 616 vo*

59 661 152 717 tis,-
185 659 397 709 alterum
430 655 493 703 ab
526 655 632 714 Ιιοο,
668 671 825 719 neque
855 656 1018 702 minus
1053 663 1234 716 tamen,
1260 674 1392 720 prm-

60 751 234 796 denter
266 763 446 808 capere
479 746 733 792 consilium
745 779 761 802 ,
799 742 932 808 (quo
961 743 1153 792 sublato
1191 759 1237 793 et
1270 745 1393 793 alte-

61 851 175 885 rum
211 833 446 895 concidit)
478 832 611 881 idem
647 831 712 880 dc
746 832 964 882 oratione
995 851 1226 899 vsurpare
1261 834 1391 894 licet,

61 918 310 990 ingenium
346 924 587 972 felicitatis
623 922 790 970 locum
825 924 1062 987 obtinere,
1095 939 1245 973 artem
1269 941 1393 971 con-
1465 964 1469 968 .

63 1015 176 1063 silii.
232 1013 371 1062 Illud
392 1014 554 1079 ipsum
591 1012 821 1080 denique,
859 1015 999 1079 quod
1035 1014 1237 1081 quidem
1252 1032 1393 1080 prae-

62 1105 266 1170 cipuum
285 1119 379 1169 est,
413 1103 653 1171 quaedam
686 1104 738 1150 in
776 1103 989 1153 dicendo
1041 1120 1088 1154 et
1121 1103 1386 1152 scribendo

60 1194 155 1242 >vni
194 1195 388 1258 iugenio
435 1190 751 1241 concedenda
795 1199 925 1254 esse,
1006 1212 1150 1242 nemo
1196 1176 1414 1242 aliunde.

63 1281 319 1344 didicerit,
368 1301 515 1348 quam
571 1300 629 1331 ex
672 1296 787 1332 arte.
880 1284 1019 1342 Quae
1064 1283 1106 1331 si
1151 1297 1393 1348 reputent,
1466 1300 1477 1305 ·

66 1371 156 1437 qui
204 1372 453 1420 literarum
497 1371 730 1421 studiosis
780 1372 895 1421 artis
941 1371 1162 1420 studium
1211 1390 1396 1438 expro-

63 1462 230 1521 brant,
268 1480 368 1510 non
401 1462 644 1526 amplius,
683 1463 890 1528 opinor,
925 1462 1149 1510 inutilem
1185 1480 1395 1511 censu&-

66 1553 167 1599 rint
201 1565 250 1599 et
282 1569 636 1616 superuacuam
658 1552 786 1600 hanc
824 1552 1200 1607 de'sublimitate
1224 1551 1395 1617 dispu-

61 1641 308 1690 tationem.

548 1842 583 1890 S
596 1842 634 1889 E
648 1843 685 1890 C
698 1841 758 1891 T.
805 1840 898 1890 ΙΙΙ,

68 2001 99 2029 *
168 2001 196 2029 *
263 2001 292 2030 *
361 2002 390 2029 *
459 2011 507 2049 et
540 2002 840 2050 cohibuerint
855 2003 1215 2065 magnumfoci
1237 2003 1399 2063 splen-

68 2094 251 2138 dorem.
317 2093 375 2140 Si
408 2109 551 2156 quem
593 2094 722 2138 enim
754 2095 951 2139 aedium
992 2093 1243 2139 dominum
1284 2098 1402 2137 tan·
1437 2134 1446 2144 ,

74 2189 180 2227 mm
212 2183 380 2230 videro
392 2218 409 2240 ,
445 2183 680 2245 rapidum
710 2191 814 2229 rete
837 2185 1074 2246 plectam,
1108 2183 1306 2229 domum
1327 2181 1401 2226 in-

77 2273 282 2318 cendam
315 2281 363 2319 et
395 2272 447 2318 ih
482 2274 669 2319 cineres
711 2272 923 2320 mutabo.
992 2274 1141 2321 ,Nunc
1183 2272 1403 2317 nondum

75 2361 293 2405 insonuit
320 2377 590 2421 generosus
613 2371 786 2409 cantus
802 2380 949 2409 meus.
1016 2358 1153 2406 Haec
1186 2360 1281 2406 iam
1301 2377 1400 2407 non

77 2447 259 2511 tragica
293 2464 420 2509 sunt,
454 2449 540 2498 scd
561 2449 964 2516 παρατράγῳδα,
998 2451 1141 2508 retia,
1179 2467 1402 2498 enomere

83 2540 157 2584 ad
188 2541 391 2596 caelum,
427 2540 600 2588 boreas
633 2542 829 2602 tibicen,
867 2556 913 2590 et
949 2555 1106 2589 cetera
1142 2538 1399 2603 deinceps:

85 2641 199 2675 sunt
258 2629 386 2676 euim
439 2627 652 2686 dictione
706 2630 980 2697 inquinata,
1023 2645 1068 2680 et
1111 2627 1401 2692 imaginibus
