1752 3118
374 234 659 282 LONGINI
697 231 935 274 FRAGM.
965 231 1033 277 w,
1295 233 1378 287 182

45 356 218 405 barum
261 367 330 404 est
362 349 566 416 inopia,
614 362 667 397 vt
706 363 796 412 per
839 358 999 393 totum
1041 342 1141 391 hoc
1176 357 1372 409 tempus

44 451 151 508 vix,
183 451 247 498 ita
280 466 360 495 mo
393 444 465 493 dii
499 456 683 505 ament,
731 438 942 500 Plotini,
992 455 1117 504 quae
1154 437 1378 500 deerant,

43 562 213 611 parare
245 541 368 593 mihi
403 537 675 606 potuerim:
711 552 856 602 quam
893 532 957 582 ad
991 551 1095 585 rem
1129 533 1379 586 notarium

47 659 75 687 a
120 651 353 688 consueto
413 633 685 684 abductum
740 646 890 696 opere
939 629 1060 677 huic
1104 629 1188 677 vni
1236 646 1380 677 curae

46 733 289 783 intentum
326 749 427 781 esse
461 729 593 777 iussi.
666 727 857 779 Cuncta
891 723 1095 791 quidem
1131 723 1235 773 eius
1254 723 1382 773 scri—

46 842 128 894 pta
163 828 285 888 iam,
336 840 577 892 quantum
611 823 883 872 existimare
916 837 1142 885 possum,
1176 837 1384 884 compa-

49 937 148 971 rata
189 923 372 977 habeo,
418 935 563 985 atque
612 917 756 967 etiam
801 916 886 965 illa
926 916 1024 965 iam
1064 934 1094 970 a
1134 929 1183 965 te
1225 914 1383 967 missa.

45 1016 148 1066 Sed
182 1017 463 1081 imperfecta
500 1027 683 1063 tantum
729 1011 917 1060 habeo:
962 1028 1063 1061 non
1110 1010 1238 1059 enim
1272 1027 1386 1058 me·-

47 1111 284 1160 diocriter
328 1110 381 1158 in
429 1110 487 1157 iis
536 1119 805 1173 peccarunt
842 1105 1065 1168 *librarii
1142 1091 1385 1158 Putabam

46 1205 304 1273 equidem,
363 1201 585 1255 sodalem
628 1215 851 1254 nostrum
898 1199 1155 1249 Amelium
1192 1217 1382 1250 errores

32 1299 159 1349 'illos
196 1297 572 1350 emendaturum
608 1314 734 1345 esse:
787 1294 876 1345 sed
910 1295 1103 1362 potiora
1138 1293 1385 1362 quaedam

43 1395 256 1444 habebat
292 1392 492 1442 et‘huic
526 1391 721 1455 negotio
750 1391 1104 1456 anteponenda.
1157 1389 1274 1439 Non
1301 1389 1385 1443 vi-

48 1489 142 1539 deo
186 1489 361 1552 igitur,
406 1486 663 1553 quomodo
710 1487 807 1539 illis
845 1486 1034 1553 scriptis
1078 1486 1148 1534 vti
1181 1485 1386 1552 possim,

46 1585 133 1632 etsi
176 1583 297 1630 mira
347 1580 586 1648 cupiditas
636 1599 716 1629 me
751 1595 883 1629 tenet
919 1580 1002 1630 illa
1039 1579 1101 1630 de
1137 1573 1300 1629 animo
1338 1594 1386 1629 et

49 1677 111 1727 de
174 1691 284 1726 ente
344 1675 627 1740 diligentius
674 1674 1007 1730 examinandi:
1058 1695 1169 1728 nam
1216 1677 1269 1726 in
1303 1676 1382 1724 his

46 1774 124 1823 vel
159 1772 367 1820 maxime
397 1785 655 1836 peccatum
692 1785 789 1825 est:
828 1786 874 1820 et
897 1770 1040 1824 valde
1061 1785 1195 1839 opto,
1224 1785 1276 1820 vt
1298 1771 1383 1820 illa

44 1886 72 1916 a
106 1882 154 1917 te
187 1865 330 1915 missa
365 1864 488 1914 mihi
523 1866 717 1915 veniant
753 1882 976 1915 accurate
1002 1865 1260 1932 descripta,
1294 1865 1384 1916 sed

49 1965 142 2012 hac
182 1960 479 2019 conditione,
504 1975 556 2010 vt
589 1961 712 2010 haec
746 1976 935 2015 tantum
965 1980 1081 2014 cum
1104 1962 1226 2015 meis
1255 1981 1384 2015 cou-

45 2061 221 2121 seram‚
279 2071 325 2107 et
370 2054 551 2109 deinde
598 2056 852 2107 remittam.
932 2054 1035 2105 Sed
1081 2072 1250 2127 repeto
1299 2058 1382 2124 id,

48 2153 189 2220 quod
224 2171 369 2218 supra
406 2151 535 2201 dixi:
572 2169 675 2200 non
708 2151 836 2201 mitti
870 2152 970 2212 illa,
1007 2150 1095 2202 sed
1128 2171 1156 2208 a
1190 2167 1238 2203 te
1273 2153 1382 2220 ipso

47 2248 207 2298 afferri
242 2247 390 2314 cupio
428 2265 541 2295 cum
577 2246 795 2313 reliqui8‚
828 2246 871 2298 si
907 2268 1033 2316 quae
1065 2250 1192 2305 forte
1222 2249 1383 2303 Ame-

47 2339 173 2386 lium
207 2338 458 2401 fugerunt:
502 2355 645 2399 nam,
690 2356 815 2404 quae
858 2339 944 2388 ille
978 2340 1164 2401 attulit,
1207 2356 1383 2390 cuneta

49 2428 186 2477 illico
224 2427 352 2475 mihi
390 2428 681 2492 comparaui.
751 2428 943 2486 Quidni
978 2431 1106 2479 enim
1132 2431 1268 2479 illius
1292 2431 1384 2480 viri

52 2515 487 2567 commentationes
540 2531 637 2567 tam
684 2537 793 2568 care
836 2519 1086 2569 habendas
1128 2536 1175 2571 et
1219 2521 1385 2569 admi-

50 2606 222 2657 randas
255 2625 383 2658 mens
416 2607 660 2676 facerem-'3
691 2607 803 2659 Hoc
840 2611 970 2661 enim
1005 2628 1134 2664 certe
1169 2627 1215 2662 et
1236 2630 1383 2679 prae-
