1752 3118
423 247 695 294 ιοΝοιΝι
735 246 969 291 FRAGM.
1008 247 1074 290 nt
1305 250 1384 304 169

66 380 254 416 constat
286 365 413 416 senis
451 354 684 430 pedibus,
752 359 968 409 Mettum
1001 359 1119 406 item
1143 358 1383 411 'vo'camus

61 472 254 522 tempus
282 452 426 516 illud,
462 449 600 518 quod
634 449 901 518 rhythmici
936 447 1134 515 quidam
1172 457 1386 515 σημεῖον

63 546 320 613 appellant.
389 540 502 589 Hoc
534 540 600 590 ita
637 558 770 602 esse,
806 539 1031 605 exemplo
1066 555 1234 587 versus
1272 558 1388 588 con-

62 635 381 693 firmabimus,
404 648 554 697 quem
589 631 671 679 alii
708 630 931 700 Orpheo,
963 629 1043 677 alii
1077 629 1291 696 Pythiae.
1306 630 1389 678 tri-

62 726 236 774 buunt.
290 722 416 772 Nam
449 721 512 771 de
548 722 692 788 epico
728 739 872 770 versu
908 720 1119 785 loquens
1153 720 1232 768 vel
1266 719 1390 769 haec

62 816 139 865 vel
178 815 279 870 ille,
309 815 551 873 Orthiccm,
573 812 748 878 inquit,
784 828 1000 872 carmen,
1030 829 1116 858 sex
1141 812 1390 874 partium,

61 907 239 967 viginti
268 911 497 967 quatuor
540 912 826 954 metrorum,
893 900 1051 948 Etiam
1083 900 1208 950 haec
1241 900 1305 947 ita
1339 917 1391 948 se

60 994 258 1049 habent,
293 1006 345 1039 vt
380 990 507 1041 dixi:
543 1005 754 1041 metrum
789 1005 860 1040 est
896 1005 943 1039 et
973 989 1043 1047 id,
1078 989 1219 1057 quod
1253 988 1392 1038 meti-

63 1098 160 1146 tur,
199 1097 246 1131 et
278 1079 424 1140 illud,
461 1080 600 1147 quod
634 1080 697 1129 ad
730 1095 941 1130 metrum
976 1082 1082 1128 siue
1116 1097 1393 1145 mensuram

65 1171 291 1234 exigitur.
360 1170 435 1217 Ita
484 1170 628 1218 etiam
663 1170 714 1217 in
749 1169 902 1218 modo
937 1168 1081 1217 dictis
1124 1168 1179 1216 id
1214 1169 1394 1233 ipsum,

63 1259 203 1327 quod
247 1275 474 1307 mensum
521 1273 623 1322 est,
667 1258 766 1308 hoc
815 1272 885 1307 est
931 1275 1133 1324 poema,
1183 1272 1395 1306 metrum

64 1364 294 1399 vocatur:
333 1362 380 1397 et
417 1348 637 1412 singula,
674 1366 800 1413 quae
836 1347 1134 1409 metiuntur,
1175 1347 1396 1398 similiter

65 1440 306 1505 appellata
341 1452 478 1485 sunt:
526 1437 762 1504 syllabam
806 1453 999 1504 tempus
1033 1437 1171 1499 facit,
1218 1437 1399 1503 pedem

67 1528 278 1595 syllaba,
321 1545 405 1592 pes
443 1527 837 1590 coniugationem
871 1527 1083 1594 pedum,
1133 1527 1256 1576 haec
1281 1545 1399 1576 vex·-

67 1637 188 1675 sum,
224 1634 388 1665 versus
423 1630 673 1681 poemata3
708 1632 759 1665 vt
793 1632 925 1666 recte
957 1630 1134 1665 cuneta
1158 1617 1280 1665 haec
1304 1636 1399 1682 ap·-

65 1708 311 1774 pellcntm·
347 1719 511 1754 metra.
538 1704 838 1754 ‘Deriuatum
865 1725 980 1757 vero
1005 1720 1074 1756 est
1095 1706 1196 1758 hoc
1215 1725 1397 1756 nomen
1433 1711 1463 1755 8

67 1818 93 1846 a
127 1798 279 1846 verbo
313 1795 502 1859 μείρω,
564 1795 702 1860 quod
738 1811 809 1845 est
843 1800 1049 1856 diuido5
1096 1795 1227 1845 vnde
1263 1795 1398 1845 illud

68 1902 264 1954 poetae:
297 1882 437 1934 Ἷσον
460 1887 579 1949 ἐμοὶ
607 1886 873 1944 βασίλευε,
906 1890 1000 1935 καὶ
1030 1883 1195 1951 ἥμισυ
1221 1886 1398 1951 μείρεο

70 1972 235 2042 τιμῆς.
303 1975 375 2024 Vt
422 1994 447 2024 a
497 1975 612 2025 σείω
659 1976 715 2023 fit
750 1982 1007 2041 σεῖστρον,
1057 1995 1083 2024 a
1118 1973 1244 2042 δέρω
1290 1973 1399 2041 δέρ-

71 2086 223 2131 τρον,
267 2066 338 2115 sic
373 2084 399 2113 a
432 2065 591 2130 μείρω
626 2063 851 2130 μέτρον.·
905 2080 974 2114 est
1001 2065 1180 2130 igitur,
1224 2065 1266 2114 si
1301 2081 1400 2133 ety-

74 2155 335 2219 mologiam
364 2170 651 2220 spectamus,
684 2173 864 2204 nomen
886 2156 1172 2221 partitionis.
1208 2155 1288 2204 De
1316 2154 1400 2222 de·
1435 2163 1466 2209 9

75 2245 382 2293 finitionibus
410 2245 551 2293 metri
580 2263 712 2292 nunc
749 2244 914 2294 dicere
940 2263 1042 2294 non
1074 2260 1144 2296 est
1175 2263 1398 2295 neeesse:

75 2336 178 2400 ipse
209 2335 336 2383 enim
355 2334 687 2400 Hephaestion
708 2335 1028 2403 reprehendit
1051 2335 1402 2399 Heliodorum,⁴

77 2412 215 2491 quod
243 2424 482 2472 tironibus
507 2442 559 2473 ea
585 2424 647 2474 de
668 2444 720 2475 re
740 2428 1000 2494 scripserit,
1037 2427 1153 2493 quia
1174 2426 1324 2476 rudes
1354 2442 1402 2476 et

0 2550 1 2554 ,
76 2531 174 2563 arte
199 2516 400 2564 metrica
430 2514 654 2563 nondum
688 2517 868 2566 imbuti
895 2517 1230 2568 definitionem
1255 2516 1398 2567 metri

0 2618 1 2666 ἢ
75 2607 345 2671 intelligere
397 2623 497 2654 non
544 2606 740 2672 possint.
823 2594 977 2657 Liber
1017 2608 1282 2675 inscriptus
1332 2621 1467 2658 estlo
