1752 3118
338 311 438 345 Lxx
497 297 502 300 ’
549 291 1090 345 DISSERTATIO
1126 292 1223 340 DE
1253 289 1450 339 VITA

336 419 593 468 memoriae
617 418 701 483 qui
722 418 845 494 pari·
844 431 890 464 et
911 434 1024 463 cura
1053 430 1099 462 et
1123 413 1367 460 doctrinae
1392 411 1530 475 copia
1551 429 1662 459 0011-

338 488 540 548 suleret,
588 485 746 532 adhuc
780 485 955 531 scimus
991 496 1229 546 repeitum
1262 497 1362 527 esse
1404 479 1661 529 neminem.

338 553 452 609 Quo
475 553 624 614 magis
653 552 904 611 conuenit,
952 548 1153 597 eandem
1179 547 1277 606 1111,
1322 560 1402 594 aut
1428 547 1567 593 etiam
1591 545 1664 593 di-

337 620 664 685 ligentiorem,
699 619 739 666 si
760 619 865 666 fieri
886 629 1071 683 potest,
1109 632 1306 681 operam
1327 630 1517 662 nauare.

937 775 976 839 ᾗ.
1002 775 1076 823 11.

404 878 653 941 Longinus
677 880 727 927 in
742 880 900 928 fronte
922 879 1108 926 libriII.
1122 881 1379 927 Y.vocatur
1389 879 1668 939 Dionysius

339 948 627 1008 Longinus,
663 966 688 993 a
721 946 895 994 Photio
927 946 1040 995 Lex.
1071 945 1175 993 MS.
1204 963 1245 992 v.
1278 942 1496 1008 Σὲῥφοι,
1553 947 1669 991 Cas-

339 1015 443 1060 sius
462 1017 751 1075 Longinus,
787 1030 812 1059 a
843 1012 991 1068 Suida
1021 1032 1063 1062 v.
1086 1015 1361 1072 Λογγῖνος,
1405 1014 1668 1073 Longinus

342 1081 570 1137 Cassius,
632 1081 917 1142 cognomine
958 1079 1229 1144 praeposito
1275 1079 1437 1142 gentili
1473 1078 1670 1124 nomini.

340 1144 499 1201 Quam
519 1146 767 1193 nominum
786 1147 1207 1211 transpositionem
1223 1145 1418 1192 Graecis
1442 1158 1520 1191 aut
1538 1145 1671 1206 solis,

342 1226 423 1258 aut
443 1213 641 1260 maxime
668 1214 879 1260 vsitatam
913 1212 1029 1261 dicit
1050 1212 1330 1261 Reimarus
1318 1231 1366 1259 m
1391 1211 1501 1259 Vita
1521 1212 1669 1260 Dion.

346 1279 498 1325 Cassii
523 1299 567 1343 p.
596 1283 737 1327 1554.
774 1278 873 1327 Sed
892 1281 1053 1328 multis
1075 1280 1304 1344 exemplis
1332 1279 1528 1344 planum
1557 1280 1670 1326 fecit

340 1343 569 1394 Dukeius
584 1345 645 1393 ad
658 1347 787 1396 Flor.
809 1346 869 1395 II.
897 1366 938 1396 2.
970 1366 1039 1395 11.
1058 1348 1251 1395 Latinos
1275 1347 1529 1410 scriptores
1556 1363 1673 1392 ean-

345 1410 455 1458 dem
500 1413 732 1462 rationem
775 1414 1104 1491 frequentare3
1156 1430 1354 1477 eamque
1399 1426 1670 1477 argenteae,

344 1496 486 1542 quam
520 1496 719 1541 vocant,
775 1482 916 1529 aetati
944 1479 1160 1545 inprimis
1190 1480 1450 1528 vindicauit
1477 1479 1671 1544 Lipsius

343 1545 403 1592 ad
428 1547 597 1596 SeneC.
622 1549 682 1595 de
703 1546 881 1612 Tranq.
908 1565 983 1596 an.
1014 1553 1086 1595 14.
1111 1547 1313 1595 Plenum
1343 1546 1484 1616 igitur
1516 1547 1673 1594 homi·
1710 1572 1715 1575 ·

342 1613 416 1662 nis
470 1631 648 1662 nomen
696 1630 798 1663 erat
838 1618 1118 1680 Dionysius
1162 1617 1361 1663 Cassius
1394 1618 1671 1677 Longinus.

342 1679 529 1729 Graeco
558 1686 796 1745 Dionysii
822 1682 1032 1742 nomini,
1070 1681 1205 1746 quod
1228 1681 1376 1728 infans
1403 1696 1670 1746 accepeiat,

341 1745 613 1795 Romanum
628 1752 787 1797 Cassii
798 1752 1022 1812 Longini
1039 1749 1259 1809 accessit,
1294 1749 1394 1795 siue
1415 1750 1580 1812 quod
1568 1766 1672 1812 1pse

341 1813 392 1861 in
423 1815 628 1863 familiae
655 1816 841 1863 Cassiae
868 1816 1111 1880 Longinae
1145 1816 1420 1863 clientelam
1451 1830 1670 1880 receptus

343 1898 494 1941 esset,
520 1883 622 1930 siue
646 1882 780 1947 quod
805 1885 904 1931 eius
926 1883 1127 1930 maiores
1148 1900 1234 1948 per
1257 1883 1465 1945 aliquem
1488 1899 1545 1930 ex
1563 1884 1672 1931 Cas-

342 1948 422 1995 siis
443 1949 677 2012 Longinis
701 1951 941 1998 ciuitatem
960 1951 1266 2014 accepissent.
1317 1949 1390 1997 De
1413 1968 1512 2014 quo
1536 1966 1671 1997 more

341 2015 536 2064 Graecis
551 2018 855 2082 barbarisque
869 2018 1256 2082 frequentissimo
1271 2015 1507 2064 videndus
1519 2017 1668 2064 Henr.

342 2083 708 2147 Cannegieterus
731 2084 791 2132 de
810 2085 1057 2133 Nominib.
1081 2103 1133 2132 ca
1137 2104 1180 2150 p.
1199 2085 1285 2132 VI.
1332 2083 1470 2131 Certe
1496 2085 1670 2131 melior

342 2163 412 2197 est
456 2149 574 2198 haec
620 2152 740 2200 ratio
777 2152 858 2200 illa
903 2105 1177 2200 Fabriciatia
1211 2153 1334 2200 Bibl.
1372 2152 1453 2198 Gr.
1491 2151 1548 2198 T.
1585 2151 1668 2199 IV.

340 2235 387 2294 p.
413 2220 523 2267 455.
551 2237 643 2283 qua
670 2219 942 2284 Longinum
965 2234 1190 2285 nepotem
1212 2220 1324 2267 facit
1352 2219 1499 2266 Cassii
1532 2219 1670 2266 Lon-

340 2285 438 2346 gini
480 2286 607 2351 apud
635 2286 873 2335 Plutarch.
909 2287 1072 2353 Symp.
1104 2287 1190 2335 IX.
1230 2305 1268 2334 1.
1296 2287 1512 2351 quamuis
1546 2305 1670 2334 con-

339 2365 492 2402 textus
517 2354 655 2401 facile
680 2354 876 2413 doceat,
911 2354 1050 2402 illum
1064 2354 1362 2419 Longinum
1398 2371 1499 2400 non
1521 2354 1668 2401 Giae-

339 2438 469 2479 cum,
492 2420 579 2468 sed
601 2440 744 2470 vnum
763 2438 905 2485 quem
930 2438 955 2468 e
974 2422 1258 2486 procenibus
1270 2422 1490 2470 Romanis
1507 2422 1666 2470 fuisse.

335 2485 397 2534 Et
419 2489 643 2551 quoniam
679 2489 738 2536 de
762 2488 971 2551 Longini
1001 2490 1193 2537 nomine
1220 2488 1379 2536 diceie
1406 2489 1665 2553 coepimus,

335 2551 432 2601 hoc
447 2572 642 2619 quoque
658 2555 920 2603 notandum
938 2555 1142 2619 videtur,
1176 2574 1284 2603 eum
1300 2574 1538 2618 nunquam
1558 2555 1667 2601 sim-
1710 2603 1714 2606 ,

334 2620 522 2686 pliciter
553 2626 820 2687 Dionysii,
856 2624 1004 2670 semel
1023 2627 1262 2687 Dionysii
1297 2626 1546 2685 Longini,
1590 2622 1663 2669 bis

335 2700 470 2736 terne
509 2692 668 2739 Cassii
699 2693 949 2757 Longini,
985 2691 1270 2756 plerumque
1310 2706 1405 2739 vno
1443 2691 1666 2752 Longini
