1758 3162
362 325 497 359 xvm
794 307 1259 360 PRAEFATIO

364 448 500 496 affert
520 459 622 511 pag.
643 443 832 493 XXIV.
889 446 994 510 Ego
1024 460 1071 495 et
1090 446 1226 493 hunc
1250 444 1477 503 adhibui,
1513 458 1560 491 et
1577 461 1698 509 quae

363 536 609 600 aliquanto
632 534 899 582 accuratius
922 550 1144 600 excerpta
1169 533 1326 599 Marq.
1357 532 1550 580 Gudius
1572 532 1699 579 scri-

363 626 461 692 psit
477 625 527 672 in
547 625 761 689 margine
781 625 989 689 exempli
1009 623 1302 684 Manutiani,
1340 621 1401 670 de
1428 641 1527 688 quo
1549 622 1601 669 in
1621 639 1700 670 re-

367 715 592 765 censione
613 712 744 762 editt.
770 712 940 761 dicam.
1011 713 1263 762 Praeterea
1288 712 1544 760 Curatores
1566 711 1702 760 Aca—

364 803 552 852 demiae
575 802 709 869 Lips.
734 804 944 868 henigne
975 803 1099 850 mihi
1129 804 1318 870 copiam
1349 819 1373 850 e
1401 802 1700 850 bibliotheca

366 913 449 945 sua
481 893 683 959 publica
711 894 930 943 fecerunt
956 894 1168 959 exempli
1190 892 1403 942 Tolliani
1429 910 1576 958 supra
1602 892 1700 939 iam

366 983 762 1043 commemorati,
799 984 938 1031 cuius
963 985 1014 1031 in
1045 984 1258 1048 margine
1285 998 1333 1031 et
1356 982 1544 1030 insertis
1567 981 1698 1028 foliis

364 1072 442 1121 *vir
465 1070 641 1119 doctus
665 1090 763 1120 non
790 1091 945 1137 pauca
966 1074 1160 1139 scripsit
1184 1072 1493 1121 adcodicem
1513 1071 1702 1119 Parisi-

363 1179 486 1211 num
514 1161 829 1226 pertinentia,
878 1161 1106 1211 adiuncta
1136 1164 1279 1229 etiam
1307 1174 1405 1208 tota
1433 1162 1602 1226 pagina
1635 1165 1701 1210 25

361 1269 593 1312 versuum
615 1268 642 1299 e
666 1249 775 1299 cod.
797 1254 995 1300 vetustis
1020 1252 1118 1300 illis
1137 1254 1404 1300 litterarum
1422 1252 1590 1299 formis
1613 1269 1700 1299 ac-

367 1356 533 1390 curate
577 1341 781 1406 depicta.
849 1340 966 1391 Fuit
1007 1342 1133 1390 illud
1178 1341 1401 1390 editionis
1449 1339 1700 1388 Tollianae

357 1433 669 1497 exemplum,
702 1446 752 1480 vt
772 1432 823 1478 in
851 1432 1067 1496 catalogo
1092 1432 1224 1479 illius
1250 1430 1576 1478 bibliothecae
1603 1437 1702 1489 no-j

365 1535 521 1570 tatum
547 1535 634 1583 est,
667 1523 914 1570 Friderici
935 1540 970 1569 a
987 1525 1306 1584 Rostgaarcl,
1344 1521 1470 1582 eius,
1507 1520 1702 1584 opinor5

364 1612 453 1678 qui
476 1609 606 1677 apud
633 1610 815 1675 Regem
838 1609 1022 1657 ⁴Daniae
1044 1611 1278 1659 tabulario
1301 1612 1570 1676 praefectus
1587 1627 1699 1659 me·-

362 1702 486 1765 ruit,
533 1716 580 1750 et
615 1700 729 1765 qui,
771 1714 822 1749 vt
856 1719 930 1748 res
964 1699 1140 1762 docet,
1186 1718 1272 1765 per
1305 1699 1511 1765 aliquod
1553 1701 1698 1748 etiam

355 1806 458 1840 'tem
463 1808 554 1856 pus
585 1790 704 1839 vixit
726 1788 959 1839 Lutetiae.
1007 1789 1120 1838 Hoc
1146 1804 1275 1838 certe
1296 1789 1345 1836 in
1367 1790 1582 1854 catalogo
1605 1788 1698 1837 ad-

362 1879 522 1928 ditum
547 1894 639 1942 est,
685 1880 744 1928 ab
767 1879 921 1945 ipsius
954 1896 1055 1928 esse
1088 1899 1262 1940 manu,
1307 1898 1432 1946 quae
1458 1879 1697 1942 adscripta

359 1971 413 2018 in
434 1971 524 2019 illo
548 1970 771 2036 exemplo
793 1970 1031 2033 leguntur}
1087 1970 1249 2017 Huius
1270 1971 1417 2034 igitur
1437 1969 1695 2018 auctoritas

359 2078 461 2108 :non
487 2060 650 2109 multis
672 2059 871 2125 quidem
891 2060 941 2107 in
961 2060 1083 2107 locis
1095 2094 1110 2117 ,
1144 2059 1230 2108 sed
1250 2075 1406 2109 tamen
1430 2059 1480 2106 in
1499 2059 1558 2106 iis
1579 2060 1696 2106 sub«

361 2148 484 2198 sidio
508 2150 630 2209 fuit,
667 2149 751 2197 vbi
778 2149 840 2196 de
867 2150 1108 2215 scriptura
1135 2149 1319 2199 codicis
1344 2148 1552 2200 Parisini
1574 2150 1693 2198 certi

315 2290 319 2293 ,
358 2238 484 2305 Ἶυὶἆ
503 2238 683 2289 habere
704 2240 975 2306 cupiebam.

457 2417 669 2485 Reliqua
703 2435 773 2469 est
798 2421 1056 2486 suppellex
1083 2423 1274 2483 criticaj
1308 2436 1432 2484 quae
1462 2418 1687 2467 omuibus

354 2522 510 2575 patet,
559 2508 620 2557 de
663 2529 761 2576 qua
789 2525 989 2559 nonest
1021 2510 1158 2577 quod
1185 2509 1337 2557 multa
1377 2506 1561 2557 dicam:
1599 2509 1689 2558 sed

355 2611 543 2646 tantum
573 2598 773 2662 addam,
807 2619 885 2648 me
916 2599 1035 2648 duas
1059 2600 1294 2649 editiones
1313 2597 1581 2663 principes,
1615 2599 1685 2646 il-

351 2685 449 2736 lam
461 2679 736 2739 Robortelli
759 2706 801 2741 et
826 2690 1022 2739 alteram
1034 2689 1265 2747 Manutii,
1295 2686 1355 2736 ad
1379 2688 1682 2737 constituen—
