1752 3118
0 2403 3 2510 ξ

380 241 660 288 tomum
687 239 1006 282 FRAGM.1v.
1037 244 1084 282 v.
1319 260 1401 300 ,η

63 365 223 417 vocali
246 361 377 411 'duae
402 364 723 408 consonantes
750 368 1144 419 postponuntur,
1183 375 1263 406 eae
1298 361 1394 426 syl-

63 464 223 511 labam
253 457 433 507 faciunt
457 454 664 515 longam.
736 450 1001 515 Propterea
1036 449 1257 512 addidit,
1294 471 1393 502 non

67 570 296 622 oportere
322 549 488 598 adesse
507 547 644 594 duas
670 559 1005 606 consonantes,
1026 542 1114 593 sed
1141 560 1224 593 aut
1247 563 1393 596 vnam

69 648 365 714 simplicem,
400 658 483 692 aut
518 643 720 691 nullam.
759 639 886 688 Nam
911 640 948 688 si
978 640 1163 705 duplex
1185 641 1392 706 accedit,

66 763 121 794 ea
138 743 374 811 syllabam
399 739 515 813 facit
543 739 767 803 longam,
799 751 851 786 vt
877 736 930 784 in
953 734 1223 811 il-lo,*’>15ae
1249 735 1392 787 ἑλών,

694 926 762 976 V.

67 1066 217 1138 Cum
246 1087 482 1154 permulti
510 1085 746 1132 memoria
777 1098 968 1145 nostra,
1018 1082 1280 1142 Marcelle,
1315 1102 1393 1133 ex·

69 1179 278 1228 stiterint
314 1174 626 1242 philosophi,
672 1173 840 1237 primis
874 1174 1083 1221 maxime
1111 1173 1276 1221 aetatis
1309 1193 1397 1222 no-

68 1289 193 1323 strae
220 1271 525 1336 temporibus
582 1269 729 1331 (nam
759 1267 1001 1331 praesenti
1032 1281 1278 1332 tempore,
1314 1268 1395 1318 vix

70 1368 170 1416 dici
204 1381 385 1432 potest,
421 1382 568 1430 quam
605 1380 766 1410 rarum
792 1361 1022 1443 sit‘huius
1047 1362 1117 1410 rei
1151 1361 1394 1410 studium:

70 1461 159 1511 sed
182 1461 325 1509 nobis
357 1455 734 1508 adolescentulis
758 1474 859 1503 non
891 1457 1035 1520 pauci
1063 1458 1397 1508 inclaruerunt

70 1556 267 1605 tuendis
290 1551 636 1620 philosophiae
656 1550 878 1616 placitis,
915 1539 1038 1615 quos
1063 1533 1230 1601 omnes
1258 1555 1397 1602 nobis

74 1649 278 1712 contigit
303 1645 470 1695 videre
497 1660 699 1711 proptu:
723 1641 962 1692 institutas
986 1646 1099 1692 cuni
1118 1650 1399 1711 parentibus

75 1745 128 1793 in
152 1743 305 1791 mul‘ta
330 1742 439 1788 loca
458 1739 888 1806 peregrinationes,
912 1728 1125 1805 quorum
1151 1740 1290 1790 etiam
1312 1740 1400 1808 qui

71 1853 180 1893 tum
216 1834 496 1903 superstites
533 1851 678 1893 erant,
703 1833 1060 1885 consuetudine
1095 1818 1215 1884 milii
1244 1835 1399 1886 iuncti

76 1934 310 1996 fuerunt,
379 1933 554 1980 multas
591 1945 754 1995 gentes
798 1946 843 1979 et
883 1927 1101 1999 ciuitates
1144 1932 1399 1996 obeunti):

78 2027 305 2076 nonnulli
340 2045 509 2076 eorum
539 2024 727 2091 scriptis
756 2024 892 2074 etiam
921 2008 1105 2091 placita
1126 2032 1210 2074 Sua
1249 2015 1402 2099 expo--⁴

81 2136 301 2181 suerunt,
339 2136 389 2170 vt
414 2136 460 2170 et
483 2121 663 2186 posteri
686 2120 904 2168 doctrina
929 2121 1150 2188 ipsorum
1178 2123 1405 2170 frueren—

81 2232 188 2277 tur,
224 2216 304 2263 alii
328 2235 442 2265 vero
465 2217 689 2264 sufficere
712 2217 1059 2277 existimarunt,
1083 2214 1123 2263 si
1144 2232 1404 2276 sectatores

87 2330 200 2359 suos
223 2310 285 2358 ad
306 2311 509 2359 illorum
532 2308 863 2375 cognitionem
889 2310 1231 2378 perducerent.
1257 2312 1411 2377 Quo—-

87 2426 198 2455 rum
222 2405 308 2470 qui
334 2406 547 2470 prior-ern
568 2406 802 2454 rationem
828 2406 980 2468 secuti
1006 2404 1408 2468 sunu-Platonici

87 2503 284 2550 fuerunt
313 2498 570 2558 Euclides,
605 2500 941 2562 Democritus,
988 2516 1035 2551 et
1062 2502 1321 2550 Proclinus
1352 2501 1410 2561 is,

90 2595 177 2663 qui
205 2593 256 2642 in
289 2592 485 2645 Troade
515 2595 658 2660 vixit,
705 2611 782 2659 et,-
816 2597 904 2665 qui
927 2598 1204 2661 etiamn-unc
1227 2597 1409 2650 Romae

1015 2685 1072 2734 M

1431 326 1449 335 a
