1752 3118
438 271 750 338 ssscnoiv.
774 270 904 314 xxu.
932 271 973 326 §-
993 284 1032 311 2
1050 271 1091 315 3.
1309 277 1390 317 351

71 390 289 431 offendunt
319 390 430 428 enim
456 384 700 438 interposita
725 383 826 432 illa,
871 378 981 437 πρός
1007 379 1057 425 τό
1080 383 1262 436 ἐφεστώς
1289 385 1394 432 δέος.

69 448 151 486 Sed
173 444 280 499 πρός
300 452 419 484 recte
434 445 517 482 iam
540 442 612 480 alii
629 447 794 504 propter
808 446 880 478 aut
891 454 992 493 prae
1013 439 1299 482 reddiderant.
1328 442 1393 482 Ita

69 502 264 554 Sophocl.
288 501 354 539 Δί.
389 500 506 550 1073.
529 495 639 549 πρός
660 494 778 536 ουδὲν
794 503 957 550 propter
985 495 1176 542 nihilum,
1205 500 1317 537 nulla
1344 499 1395 537 de

71 562 211 608 (iusta)
243 569 380 595 causa.
440 555 489 592 ln
507 553 920 594 Animaduersionum
949 550 1096 590 libello
1124 550 1264 590 Morus
1293 564 1395 591 con-

70 613 217 660 tendit,
238 608 467 665 εἰσβάλλειν
487 623 565 661 pro
584 608 800 660 ἄρχεσθαι
819 607 914 658 quia
933 606 1096 645 dicatur
1116 607 1290 659 tropice,
1315 620 1394 659 per

73 667 238 719 ellipsin
261 666 490 706 verborum
517 666 577 708 εἴς
601 679 665 712 τι,
696 663 781 702 dici
802 674 887 703 non
907 675 1024 713 posse
1046 661 1272 717 εἰςβάλλειν
1297 660 1389 703 dmi

70 738 205 766 τινοςε
232 734 275 760 se
294 727 407 759 certe
428 720 639 768 dubitare,
674 718 805 757 donec
821 718 964 756 locum
982 731 1071 756 eam
1089 719 1134 756 in
1152 730 1245 757 rem
1264 719 1390 758 inue-

70 779 192 819 nerit.
247 776 332 815 Sed
359 775 577 815 commode
605 781 830 825 vtrumque
858 773 1031 825 cogitari
1055 787 1177 825 posse
1196 773 1390 813 videtur:

71 834 295 888 εἰςβάλλειν
315 834 374 876 εἴς
390 847 430 873 τι
447 829 536 872 ἀπό
556 846 692 878 τινος,
721 829 879 883 ingredi
893 831 939 868 in
961 830 1139 883 aliquid,
1160 831 1391 884 projectum

72 891 124 929 ab
153 890 370 942 aliquare.
428 886 548 934 Quod
571 891 780 938 superest,
809 884 992 937 argutari
1016 883 1057 924 h.
1079 885 1110 925 l.
1139 884 1393 938 Longinum,

69 958 193 983 nemo
208 944 316 983 iusto
339 944 522 982 imbutus
537 941 764 994 elegantiae
782 954 906 980 sensu
925 940 1099 991 negabit.
1138 940 1274 983 Nihili
1294 948 1393 982 sunt

69 1000 165 1048 illa,
200 1000 255 1044 ὠς
270 998 374 1055 μηδ’
395 997 534 1051 ἀρχήν
549 1004 628 1038 etc.
658 997 720 1036 An
736 996 773 1035 is
789 999 948 1035 omnino
969 1010 1050 1035 non
1068 995 1295 1049 alloquitur
1315 1011 1393 1036 au-

71 1056 248 1104 ditores,
271 1055 344 1107 qui
363 1054 408 1092 id
427 1055 548 1102 facit,
574 1052 648 1092 vbi
666 1051 813 1104 optimi
834 1059 1019 1091 oratores
1037 1052 1180 1103 quauis
1199 1052 1246 1091 in
1268 1066 1392 1092 causa

53 1155 57 1157 μ
73 1111 209 1149 solent
222 1140 233 1160 ,
260 1117 356 1162 post
372 1109 530 1161 aliquot
547 1109 597 1148 ab
619 1107 739 1146 initio
759 1107 920 1146 verba?
963 1106 1128 1146 Deinde
1146 1109 1224 1147 etsi
1242 1121 1392 1149 verum.

73 1173 158 1214 est,
195 1172 368 1204 naturae
380 1194 392 1214 ‚
428 1177 513 1203 non
531 1163 633 1203 artis
653 1175 740 1200 esse
760 1163 927 1201 initium
946 1162 1060 1201 illius
1088 1163 1373 1203 oratiunculae
1386 1193 1399 1213 ,

74 1228 116 1260 et
145 1220 391 1273 Dionysium
426 1232 512 1257 non
552 1218 751 1257 meditata
782 1217 954 1265 dixisse,
1002 1217 1076 1255 sed
1106 1231 1211 1269 quae
1245 1230 1398 1257 neces-

73 1277 169 1315 sitas
202 1275 425 1328 expressit:
464 1280 604 1312 tamen
622 1274 667 1312 in
702 1272 967 1311 oratiuncula
992 1279 1079 1311 tam
1098 1273 1219 1312 breui
1235 1274 1398 1315 frustra

73 1331 269 1371 laudatur
287 1344 432 1369 rerum
453 1329 559 1368 ordo
579 1335 653 1370 aut
672 1328 869 1367 inuersio.

157 1386 198 1441 ς.
221 1387 261 1427 3.
288 1385 313 1427 ὁ
333 1385 376 1426 δὲ
395 1387 678 1439 Δημοσθένης
699 1382 778 1436 οὐχ
799 1379 928 1429 οὕτως
947 1384 1024 1439 μὲν
1045 1382 1256 1439 αὐθάδης]
1284 1384 1398 1426 Haec

73 1443 199 1494 vulgo
231 1455 316 1480 non
347 1448 462 1480 recte
493 1440 688 1479 reddunt.
744 1439 891 1490 Verte,
939 1441 1230 1482 Demosthenes
1262 1449 1402 1482 autem

77 1513 159 1539 non
182 1506 344 1538 tantum
370 1498 448 1537 sibi
475 1499 600 1536 sumit
632 1503 830 1550 quantum
858 1497 1118 1548 Thucydides.
1178 1499 1278 1538 Non
1297 1497 1400 1537 adeo

77 1556 216 1595 audax
244 1561 303 1593 est
323 1556 368 1592 in
395 1555 448 1592 iis
475 1551 708 1592 diuellendis
716 1580 731 1598 ,
760 1566 864 1606 quae
887 1560 1038 1593 natura
1055 1560 1153 1592 sunt
1173 1555 1290 1594 unita
1300 1581 1317 1600 ‚
1347 1568 1401 1594 ao

80 1609 352 1664 Thucydides.
408 1607 520 1647 Haec
542 1614 605 1646 est
625 1620 739 1646 mens
751 1607 945 1659 Longini.
1003 1608 1129 1655 Quod
1149 1622 1204 1647 ex
1223 1622 1401 1662 sequen·

76 1666 185 1705 tibus
204 1664 467 1703 manifestum
489 1668 564 1702 est.
602 1662 638 1700 T
641 1675 813 1703 ovrxvs.
869 1663 1120 1716 Longis-sime
1142 1664 1310 1704 aberrat
1329 1678 1401 1703 so-

76 1721 142 1760 lus
164 1720 368 1768 Peneius,
397 1719 468 1772 qui
487 1718 617 1757 vertit
639 1719 939 1759 Demosthenes·
951 1728 1087 1759 autem
1108 1734 1189 1758 non
1207 1729 1293 1760 tam
1312 1735 1403 1760 cre-

79 1778 146 1817 ber·
165 1785 244 1824 est,
283 1790 405 1830 quam
427 1776 513 1815 ille.-
541 1777 579 1814 is
594 1789 684 1814 vero
704 1783 765 1815 est
783 1790 832 1815 ex
848 1776 1030 1815 omnibus
1038 1805 1052 1825 ,
1082 1779 1155 1831 qui
1167 1779 1212 1815 in
1227 1777 1307 1816 hoc
1324 1790 1401 1830 ge-

78 1847 171 1872 nere
179 1834 417 1885 figurarum
432 1832 534 1870 satis
549 1831 682 1871 hahet.
721 1830 899 1883 Propter
914 1831 1190 1884 posteriorem
1210 1845 1403 1872 errorem

77 1888 132 1928 ad
155 1889 522 1939 κατακορέστατος
539 1885 620 1925 hoc
641 1885 802 1926 addidit
820 1886 1029 1926 scholion:
1054 1893 1082 1912 “
1092 1887 1184 1926 Vox
1204 1903 1401 1928 κατακο-

79 1943 158 1998 ρής
186 1942 255 1982 hic
275 1942 447 1982 videtur
476 1941 704 1993 significare
737 1955 857 1992 eum,
898 1943 968 1995 qui
995 1943 1115 1992 satis,
1150 1955 1230 1983 'nec
1259 1949 1402 1983 tamen

79 2000 176 2052 plus
195 2012 318 2050 quam
338 1998 454 2047 satis,
481 1997 646 2036 habet.”
675 1997 730 2037 Vt
751 1998 892 2050 paucis
914 1999 1196 2051 complectar,
1221 1998 1322 2038 ficta
1337 2005 1403 2039 est

79 2053 183 2094 haec
203 2052 467 2105 significatio;
495 2053 795 2104 superlatiuus,
824 2066 872 2093 ea
886 2054 1038 2106 posita,
1067 2055 1259 2106 ineptus5
1288 2054 1402 2094 iudi·-

82 2111 193 2148 cium
220 2108 271 2147 de
300 2108 597 2157 Demosthene,
634 2109 743 2161 quod
763 2109 862 2148 inde
886 2110 1066 2159 exsistit,
1093 2110 1257 2150 falsum.
1297 2110 1402 2151 Boi-

80 2165 215 2204 lauius
235 2163 360 2213 idem,
378 2163 415 2202 T
416 2164 519 2203 ollio
540 2170 780 2215 praeeunte,
799 2164 844 2203 in
861 2160 1057 2215 αὐθάδης
1076 2171 1234 2219 peccat,
1262 2166 1308 2206 in
1328 2179 1404 2205 ce-

82 2221 184 2259 teris
224 2219 349 2258 aliter
387 2225 429 2257 et
472 2220 714 2259 excusatius.
769 2220 934 2274 Reliqui
970 2222 1221 2275 interpretes
1258 2228 1401 2272 recte,

84 2289 336 2329 quamquam
360 2275 498 2314 verbis
519 2274 812 2316 dissentientes.

169 2331 208 2385 ς.
221 2333 260 2369 4.
277 2329 362 2370 ἄλλ’
375 2329 437 2371 ἐπ’
459 2331 601 2375 ἄλλοις
609 2330 682 2372 Bm*
735 2335 835 2374 ἐσου
854 2336 931 2374 καὶ
945 2332 1099 2382 ἔξωθέν
1116 2337 1253 2377 ποθεν
1262 2337 1401 2380 ἔπεις-

83 2386 268 2438 κυκλῶν]
312 2385 448 2425 Locus
483 2386 656 2438 elegans.
729 2395 840 2429 oster
872 2403 1018 2441 supra:
1051 2387 1202 2445 ’Ἐτερα
1232 2394 1392 2445 ἑτέροις

83 2442 720 2485 ΕΠΕΙΣΚΤΚΛΟΤΜΕΝΑ.
774 2445 997 2498 Dionysius
1042 2446 1252 2486 Halicarn.
1297 2450 1389 2487 Art.

85 2497 206 2538 Rhet.
218 2512 252 2536 c.
270 2509 330 2537 io.
343 2499 435 2538 Καὶ
448 2496 499 2538 οὐ
513 2497 575 2538 δεῖ
586 2498 736 2547 ἔξωθεν
745 2500 893 2554 λόγους
911 2504 1402 2554 φαντασίαιςΕΠΕῙΣ-

87 2555 258 2594 KTKA
261 2555 328 2593 EI
327 2554 368 2592 Σ
368 2553 448 2594 ΘΑ
451 2556 481 2593 Ι
478 2585 488 2594 .
555 2557 644 2594 IVec
679 2560 897 2599 visionibus
939 2573 1135 2599 sermones
1184 2562 1405 2614 importum·

88 2618 182 2649 sunt
208 2610 426 2662 ingerendi.
470 2611 532 2650 lta
557 2612 796 2653 scribendus
813 2621 855 2654 et
879 2615 1215 2667 interpretandus
1247 2621 1308 2654 est
1324 2615 1402 2654 iste

85 2665 215 2707 locus.
234 2665 549 2709 Restituend‘um
564 2665 644 2707 hoe
658 2669 835 2710 verbum
846 2670 1110 2723 Aristophani
1129 2671 1249 2724 Vesp.
1272 2669 1393 2712 2466.
