1752 3118
319 312 435 360 cxv1
530 288 1070 342 DISSERTATIO
1108 289 1440 339 CRITICA

317 418 638 483 Francogallis
679 416 903 474 dicuntur
931 412 1163 477 loquendi
1205 414 1409 477 formae,
1469 415 1519 463 id
1559 430 1647 478 est,

319 488 478 551 inepte
502 499 739 544 ,nouatae,
797 500 1012 548 magnam
1041 494 1222 545 partem
1252 497 1470 531 constant
1504 484 1646 531 huius

323 570 507 619 generis
532 569 683 615 nugis.

900 659 938 724 ᾗ.
986 659 1076 709 XI.

459 746 847 818 Disputationem
874 769 1004 797 suam
1037 762 1203 797 auctor
1236 747 1479 813 distinguit
1504 768 1650 798 orna-

326 823 501 872 mentis
529 819 666 876 valde
701 819 922 882 grauibus
951 832 998 864 et
1019 817 1306 875 luculentis,
1344 817 1525 881 quippe
1552 835 1651 865 non

284 904 286 909 ’
329 904 428 938 tam
460 887 521 934 ad
552 885 892 945 delectandum
914 885 1075 944 factis,
1113 901 1252 948 quam
1278 882 1336 930 ad
1362 882 1652 934 docendum.

328 959 457 1004 Sunt
481 955 607 1009 enim
633 953 730 1010 loei
761 964 1039 999 communes
1065 965 1091 998 a
1114 951 1255 999 rebus
1275 950 1389 1014 ipsis
1425 952 1653 1014 suggesti,

330 1023 562 1085 vtilesque
586 1021 797 1083 cognitu,
835 1032 881 1063 et
905 1017 1243 1080 digressioneS,
1278 1018 1520 1079 longiores
1543 1018 1655 1064 illae

334 1087 570 1155 quidem,
605 1103 750 1149 quam
773 1083 982 1131 seuerior
1011 1084 1141 1130 crisis
1166 1084 1362 1147 probet,
1398 1083 1483 1131 sed
1501 1099 1658 1133 tamen

331 1153 421 1222 per
450 1173 506 1205 se
540 1154 603 1205 ita
644 1153 943 1209 fructuosae,
1002 1164 1051 1198 vt
1087 1151 1248 1198 nullus
1280 1150 1658 1215 fortasselector

337 1218 556 1269 discendi
579 1218 785 1283 cupidus
812 1219 870 1264 iis
892 1233 1050 1264 carere
1076 1217 1203 1264 velit.
1259 1217 1423 1265 Locos
1446 1236 1657 1266 commu-

335 1307 422 1338 nes
451 1289 570 1335 scita
600 1285 831 1333 breuitate
853 1298 1071 1331 tractatos
1095 1283 1241 1330 habes
1270 1303 1309 1340 1,
1333 1301 1374 1331 2.
1402 1301 1446 1344 2,
1469 1290 1512 1333 5.
1542 1289 1588 1345 5,
1614 1289 1661 1331 5:

336 1360 388 1414 5,
418 1374 457 1402 1.
493 1345 809 1419 pluribusque
833 1351 966 1398 locis.
1024 1350 1300 1398 Nonnullos
1323 1351 1482 1399 multis
1504 1352 1660 1400 verbis

336 1423 579 1469 illustrare
605 1434 651 1465 et
677 1435 902 1478 exornare
937 1418 1191 1480 potuisset,
1238 1431 1288 1467 vt
1323 1421 1404 1475 51,
1443 1436 1485 1476 1,
1507 1422 1567 1466 τὸ
1604 1417 1660 1466 δὲ

339 1487 568 1551 σύνηθες,-
588 1483 686 1550 ἢδη
706 1482 1022 1547 πιστότερον,
1045 1497 1092 1530 et
1118 1486 1194 1541 16,
1220 1486 1269 1544 4,
1301 1484 1402 1545 κᾷν
1427 1484 1664 1547 βακχεύ-

338 1572 473 1621 ματι
503 1551 690 1617 νήφειν
725 1550 1031 1610 ἀναγκαῖον.
1111 1549 1209 1597 Sed
1251 1564 1297 1597 et
1334 1550 1462 1598 nude
1510 1553 1664 1617 posita

338 1622 480 1680 talia,
537 1618 665 1677 euin
697 1617 867 1664 mediis
897 1617 997 1663 aliis
1030 1617 1174 1663 rebus
1212 1617 1367 1669 minus
1398 1618 1663 1666 illustribus

336 1678 501 1745 inixta,
536 1685 740 1751 placent,
772 1698 819 1731 et
838 1683 1119 1746 scriptorem
1141 1699 1343 1746 arguunt
1363 1685 1662 1749 prudente-m,

341 1753 541 1810 doctum
561 1766 608 1801 et
627 1750 865 1799 sententiis
889 1750 1082 1800 vtilibus
1101 1749 1432 1802 abundantem.

892 1862 956 1927 55.
990 1863 1102 1911 XII.

476 1951 519 2000 Ε
550 1951 922 2017 digressionibus
957 1954 1007 2000 in
1038 1952 1200 2017 primis
1229 1954 1436 2002 notanda
1469 1970 1539 2003 est
1565 1957 1665 2017 illa,

343 2037 466 2086 quae
488 2038 515 2067 a
537 2023 617 2079 52,
643 2025 671 2068 8
695 2021 898 2085 pertinet
917 2019 977 2067 ad
1000 2021 1141 2066 finem
1161 2022 1382 2069 sectionis
1406 2025 1484 2070 56.
1511 2024 1667 2080 Quae-

342 2089 550 2135 stionem
574 2087 655 2134 illa
668 2087 879 2135 continet
900 2103 1073 2151 magno
1095 2099 1144 2133 et
1167 2088 1417 2152 splendido
1442 2104 1667 2154 apparatu

344 2167 645 2214 exornatam,
696 2171 893 2218 eamque
924 2172 1034 2201 cum
1066 2170 1343 2218 argumento
1369 2159 1515 2203 totius
1535 2158 1664 2218 libri,

343 2235 396 2270 vt
416 2234 581 2266 auctor
601 2220 702 2283 ipse
725 2225 806 2280 55,
845 2239 865 2267 1
896 2220 1027 2280 dicit,
1060 2234 1188 2271 ,arcte
1207 2223 1521 2272 coniunctam.
1556 2223 1665 2290 Ipse

347 2285 542 2350 quidem
579 2287 812 2334 subtiliter
843 2286 1136 2350 distinguens
1169 2287 1409 2349 duplicem
1439 2291 1579 2351 facit,
1618 2295 1664 2356 1‘)

343 2371 466 2400 num
498 2355 734 2400 excellens
763 2356 920 2413 virtus
947 2356 999 2400 in
1030 2355 1284 2402 scribendo
1315 2374 1423 2403 cnm
1446 2363 1666 2420 peccati-5·

299 2441 301 2443 ·
346 2421 595 2468 nonnullis
632 2422 889 2467 coniuncta
919 2431 1141 2482 praestet
1169 2425 1550 2485 mediocritatem
1576 2446 1665 2474 sa-

343 2503 464 2534 nam
497 2495 543 2532 et
577 2488 694 2534 vitio
712 2504 963 2550 ¹tammam,-
1014 2498 1062 2544 2)
1093 2505 1211 2539 num
1234 2494 1665 2552 plut-efflorationis·

344 2555 550 2601 virtutes
580 2549 932 2615 anteferendae
965 2557 1065 2600 sint
1099 2559 1377 2605 maioribus.
1451 2558 1548 2606 Sed
1578 2578 1664 2624 po-

345 2618 517 2666 sterior
546 2619 643 2666 fere
667 2620 724 2668 ad
750 2621 959 2684 priorem
984 2621 1121 2669 redit.
1167 2623 1288 2671 Leui
1311 2624 1481 2672 haci-re
1502 2627 1663 2692 missa‚³

332 2684 441 2739 ,hoc
462 2683 636 2735 addere
659 2704 757 2738 non
781 2686 967 2755 dubito,
986 2705 1110 2756 eum,
1135 2691 1220 2758 qui
1240 2690 1337 2742 hoc
1359 2692 1409 2742 in
1429 2694 1659 2759 loconon

1739 2680 1745 2693 ⁴*
1735 2619 1752 2666 ³1!ss
1735 2398 1752 2607 fflw-‘A'fflfflu
1735 1557 1752 2390 „mmmmm-Q.—
1748 1529 1752 1551 --
