1752 3118
425 262 709 309 LONGINI
743 262 979 305 FRAGM.
1008 264 1080 311 lv.
1308 269 1392 323 175

72 385 403 451 reciprocatur
429 396 546 428 cum
569 395 622 426 re
646 373 874 438 definita,
907 374 1007 426 hoc
1031 390 1099 426 est
1109 384 1126 438 ,‘
1161 379 1231 440 si,
1266 383 1329 430 re'
1345 393 1392 431 et

73 473 361 524 definitione
389 469 572 536 posita,
604 467 754 515 altera
791 466 988 515 alterius
1029 479 1099 515 est
1142 465 1391 532 definitio,

71 579 123 613 vt
150 563 202 610 in
222 562 319 609 hoc
353 559 607 625 exemplo:
659 554 824 603 Homo
864 570 935 605 est
963 555 1138 604 animal
1168 574 1394 608 sermone

72 648 364 719 praeditum,
385 647 609 708 mortale,
624 645 971 710 intelligentiae
998 658 1045 693 et
1065 645 1295 695 scientiae
1319 665 1396 695 ca-

70 757 176 808 pax.
245 737 300 786 Si
323 735 463 803 quod
490 737 638 801 igitur
660 733 837 783 animal
864 748 1088 782 sermone
1118 734 1397 800 praeditum

73 844 169 893 est,
202 841 251 877 et
272 825 504 883 mortale,
534 825 767 891 idemque
793 822 1140 886 intelligentiae
1173 837 1220 872 et
1241 824 1398 873 scien-

71 919 164 967 tiae
199 934 374 982 capax,
417 914 555 963 haud
584 915 737 963 dubie
754 911 884 961 illud
910 926 980 960 est
1005 911 1170 963 homo.
1219 911 1397 962 'Aliud

73 1006 376 1070 exemplum:
414 1004 577 1053 Sonus
601 1017 670 1052 est
690 1008 771 1053 aer
791 1019 1065 1067 percussus,
1122 1002 1176 1050 Si
1199 1022 1297 1069 qua
1320 1021 1397 1053 res

72 1096 220 1159 igitur
242 1108 312 1144 est
332 1098 413 1141 aer
430 1109 709 1158 percussus,
733 1090 1039 1140 eaest‘haud
1062 1089 1223 1141 dubie
1236 1108 1398 1143 sonus.

71 1182 264 1232 Eodem
296 1180 449 1229 modo
488 1193 534 1227 et
567 1179 618 1225 in
647 1177 1214 1245 definitionevproposita
1239 1178 1402 1230 videa-

73 1290 183 1320 mus
213 1269 267 1318 id
300 1267 439 1335 quod
466 1267 822 1334 reciprocatum
871 1269 928 1318 Si
960 1287 1058 1334 qua
1107 1269 1289 1318 vocalis
1333 1286 1404 1320 est

74 1362 258 1421 breviS‚
293 1375 446 1424 eaque
465 1375 566 1405 non
587 1357 639 1403 in
663 1357 762 1406 fine
783 1357 922 1407 verbi
943 1357 1117 1423 posita,
1152 1377 1278 1423 quae
1300 1344 1403 1408 non

76 1449 252 1498 babeat
272 1448 398 1495 inter
417 1463 467 1494 se
491 1459 537 1494 et
558 1460 844 1512 sequentem
863 1446 1096 1514 syllabam
1118 1448 1287 1512 plures
1311 1467 1404 1498 vna

81 1550 431 1598 consonantes,
483 1553 538 1583 ea
578 1535 681 1582 sine
715 1534 872 1584 dubio
907 1549 976 1585 est
1009 1534 1194 1602 syllaba
1224 1538 1403 1587 breuiS.

78 1624 219 1678 Illud
244 1639 421 1687 autem,
449 1641 550 1671 non
569 1626 622 1672 in
627 1625 742 1684 fine
761 1625 897 1674 verbi
910 1629 1101 1689 posita,
1126 1625 1315 1698 dictum
1338 1642 1407 1677 est
1439 1640 1470 1686 3

80 1730 284 1785 propter
313 1711 590 1778 ancipitem,
624 1731 748 1778 quae
777 1710 894 1762 inde
919 1714 1121 1772 exsistit,
1157 1716 1405 1781 syllabam.

78 1807 136 1856 Si
163 1804 293 1855 enim
318 1816 504 1869 partem
528 1801 757 1849 orationis
783 1799 1026 1863 absoluit,
1060 1804 1296 1854 rationem
1324 1806 1406 1854 ha-

80 1897 166 1946 bet
185 1892 395 1961 syllabae
413 1890 703 1939 eommunis.
760 1890 843 1938 Sic
869 1890 1070 1957 quando
1093 1895 1276 1960 syllaba
1297 1895 1407 1943 bre-

83 1984 158 2032 vis
183 1983 234 2030 in
252 1981 352 2034 fine
375 1981 508 2029 vocis
530 1981 687 2047 posita
706 1995 802 2042 est3
837 1980 1105 2046 aliquando
1131 1982 1296 2030 breuis
1316 2002 1410 2049 pu.

86 2087 239 2134 tatur,
273 2085 324 2119 vt
347 2070 432 2118 illa
457 2073 565 2131 (τά)
587 2068 722 2136 apud
750 2085 969 2136 poetam:
1005 2073 1106 2133 „vd
1131 2075 1248 2138 περὶ
1265 2074 1409 2122 καλοὶ

86 2160 327 2227 ῥέεθρα.“
358 2157 423 2208 Et
447 2175 634 2221 contra,
669 2160 853 2227 syllaba
876 2161 1003 2226 πρὸς
1026 2175 1095 2209 est
1122 2162 1301 2227 breuis,
1322 2163 1410 2212 sed

59 2235 62 2238 Α
85 2252 259 2314 longae
278 2249 447 2297 locum
465 2246 667 2311 obtinet,
705 2267 819 2309 cum
843 2245 1088 2298 Homerus
1110 2249 1231 2299 dicit
1253 2255 1410 2318 »πρὸς

87 2334 235 2388 οἶκον
255 2338 465 2404 Πηλῆος
482 2341 542 2388 .·“
575 2343 672 2405 lpes
698 2338 829 2395 enim
861 2332 1005 2388 debet
1026 2356 1126 2387 esse
1149 2342 1409 2407 spondeus.

82 2427 226 2484 ,Dicit
247 2441 506 2493 praeterea,
528 2444 670 2477 Vnam
690 2443 875 2478 tantum
896 2429 1238 2479 consonantem
1263 2411 1409 2482 inter-¹·
1444 2444 1476 2488 4

92 2516 266 2564 iectam
297 2533 398 2564 esse
433 2514 638 2575 debere,
671 2534 871 2587 propter
900 2519 1119 2584 longam,
1154 2539 1277 2587 quae
1294 2520 1410 2570 inde

93 2607 298 2671 exsistit,
341 2606 586 2675 syllabam.
654 2607 779 2656 Nam
811 2609 850 2657 si
886 2608 1027 2659 breui
1058 2623 1138 2659 aut
1164 2627 1411 2677 correptae
