1752 3118
794 211 802 233 Ι

222 316 316 366 ΕΤ
351 313 702 364 SCRIPTIS
737 314 1094 369 LONGINI.
1172 336 1395 372 Lxxxx1x

88 452 220 500 σθαι
239 449 333 496 καὶ
348 445 514 511 τούτῳ
538 447 605 512 τῷ
623 445 758 496 εῖδει.
802 447 870 495 Ex
893 448 1093 512 antiquis
1114 448 1236 509 illis,
1262 471 1394 514 prae-

87 532 160 566 ter
178 529 385 564 caeteros
398 550 412 575 ,
448 513 692 563 Platonem
712 529 760 562 et
779 515 1151 564 Demosthenem
1174 517 1395 567 imitatur.

88 585 145 631 In
171 581 344 646 quibus
364 579 598 644 legendis,
634 582 673 628 si
697 594 981 630 venustatem
1007 583 1107 629 eius
1126 584 1297 631 sentire
1315 603 1394 634 ve-

86 651 170 708 lis,
237 661 282 694 te
330 649 533 695 multum
580 649 809 713 temporis
854 649 1133 696 contr-iuisse
1185 665 1392 715 oportet.

86 717 278 764 Praeter
298 713 526 762 Graecam
546 728 593 763 et
618 716 856 781 Syriacam
881 716 1118 779 linguam,
1147 715 1411 783 Vtramque*

86 781 409 837 vernaculam,
438 781 599 830 calluit
619 782 759 844 etiam
774 783 1014 842 Latinam,
1043 798 1092 832 vt
1116 802 1209 831 non
1235 785 1395 834 solum

87 867 143 898 ex
170 846 499 895 Demosthenis
527 862 574 895 et
597 850 841 898 Ciceronis
871 854 1226 915 comparatione
1249 854 1312 899 II.
1339 855 1392 900 Y.

88 931 197 964 sect.
218 933 236 962 1
249 932 290 962 2.
311 913 395 962 sed
413 915 550 963 etiam
566 933 621 963 ex
633 915 778 964 Suida
793 916 994 980 intelligi
1010 917 1132 979 licet.
1168 917 1249 964 Sic
1265 918 1393 966 enim

85 984 170 1031 illc
198 981 607 1046 Lexicographus:
651 983 981 1048 Αἰω-νοάριος.
1015 984 1046 1031 ὁ
1069 983 1394 1049 Ἰανουάριος

85 1050 206 1115 μήν.
244 1046 378 1095 οὕτω
398 1051 651 1109 Λογγῖνος
680 1050 844 1098 αὐτὸν
870 1052 1183 1117 ἑρμηνεῦσαι
1214 1051 1394 1110 βιάζε-

87 1136 199 1173 ται,
235 1116 419 1164 ὦσανεὶ
442 1117 627 1173 αἰῶνος
645 1114 858 1181 πατέρα.
895 1135 1016 1182 quae
1037 1120 1205 1183 repetit
1225 1136 1265 1166 v.
1290 1118 1394 1168 ’Ioc-

86 1182 341 1247 νουάριος.
393 1180 516 1228 Cum
545 1182 691 1230 Suida
713 1185 940 1231 conuenit
961 1183 1157 1231 Tzetzes
1183 1185 1230 1232 in
1254 1185 1394 1234 Post-

84 1250 352 1298 Homericis
371 1266 414 1313 p.
443 1252 518 1310 75.
565 1247 748 1314 Τόν-ῥ’
775 1249 1098 1314 Λίωνοάριον
1122 1251 1395 1315 κικλήσκει

85 1320 183 1382 μὲν
218 1319 493 1377 Λογγῖνος,
539 1315 886 1379 Ἰανουάριον*
913 1315 1177 1381 δ”“ιὲνέρες
1204 1317 1395 1375 πάντες

84 1382 343 1432 καλέουσι.
414 1382 569 1439 Quam
590 1385 721 1431 vocis
743 1383 1033 1432 notationem
1052 1386 1090 1431 si
1112 1385 1216 1448 quis
1236 1386 1283 1432 in
1305 1384 1397 1431 ho-

84 1453 211 1499 mine
228 1451 412 1498 Graeco
432 1449 606 1511 rideat,
641 1451 681 1496 is
700 1451 886 1516 potiore
908 1451 1011 1498 iure
1032 1450 1312 1500 Ciceronem
1333 1452 1397 1500 de

85 1519 146 1567 N.
174 1519 233 1566 D.
273 1517 328 1565 Il.
356 1533 431 1578 27.
465 1520 669 1578 Ianum,
717 1517 851 1581 quasi
884 1521 1110 1576 Eanum,
1147 1519 1206 1565 ab
1235 1522 1395 1568 eundo

87 1585 383 1633 deriuantem
427 1582 590 1630 rideat.
660 1583 764 1631 N'ec
796 1599 953 1631 tamen
1002 1585 1243 1647 Longinus
1278 1585 1398 1632 mihi

87 1653 342 1716 quicquam
378 1669 404 1696 a
436 1649 748 1713 scriptoribus
785 1650 994 1711 Latinis,
1052 1653 1334 1699 nominatim
1370 1670 1397 1699 a

86 1718 441 1776 Quinctilian0‚
486 1717 708 1765 sumsisse
750 1715 966 1778 videtur,
1018 1732 1067 1765 vt
1111 1717 1300 1765 Tollius
1349 1732 1396 1766 et

83 1785 308 1834 Pearcius
339 1782 399 1831 ad
429 1783 604 1830 librum
633 1788 695 1831 H.
723 1786 771 1831 Y.
798 1797 909 1831 sect.
933 1801 974 1830 2.
1009 1797 1054 1831 et
1076 1788 1150 1832 58.
1183 1784 1397 1832 credide-

85 1867 207 1901 runt.
250 1851 371 1899 Nam
394 1867 513 1915 quae
529 1850 624 1897 illis
642 1851 766 1898 locis
785 1868 811 1897 e
826 1851 997 1898 Latino
1012 1850 1226 1899 Rhetore
1254 1851 1398 1899 ducta

83 1933 338 1987 putantur,
372 1932 463 1964 tam
485 1931 595 1964 sunt
615 1918 848 1981 vulgaria,
885 1934 959 1980 vt,
988 1919 1027 1966 si
1051 1919 1293 1982 Longinus
1314 1919 1397 1966 illa

85 1986 291 2035 mutuari
313 1986 371 2032 ab
391 1984 491 2031 aliis
511 1985 765 2044 voluisset,
790 1985 949 2048 potius
972 2003 995 2033 a
1010 1986 1226 2043 Graecis,
1251 2004 1396 2049 quam

86 2073 112 2102 a
133 2053 312 2101 Latinis
331 2051 586 2098 sumsisset.
650 2051 695 2099 N
701 2069 755 2098 ec
781 2052 918 2098 facile
940 2052 1180 2112 adducor,
1214 2065 1263 2100 vt
1287 2070 1398 2099 eum

87 2123 342 2185 quicquam
368 2118 605 2183 Dionysio
640 2118 1043 2166 Halicarnassensi
1081 2118 1254 2167 debere
1292 2135 1400 2166 cre-

89 2188 209 2235 dam.
263 2187 377 2234 Non
412 2185 493 2232 tali
526 2184 738 2233 siccitate
768 2186 1033 2246 arescebat,
1069 2200 1120 2235 vt
1150 2186 1399 2250 ingenium

90 2255 250 2303 alienis
272 2253 483 2301 fontibus
509 2252 690 2317 rigaret.

649 2366 686 2429 ᾗ.
719 2365 852 2415 xm.

188 2457 576 2524 Philosophiam,
610 2475 751 2522 quam
771 2456 1011 2522 professus
1037 2470 1133 2515 est,
1169 2455 1217 2502 in
1239 2470 1398 2502 mores

91 2527 258 2574 abiisse
272 2563 284 2587 ‚
311 2527 493 2573 tametsi
511 2542 637 2572 mors
661 2525 764 2571 eius
786 2523 894 2572 satis
914 2540 1152 2588 superque
1171 2522 1396 2579 declarat,

90 2607 245 2641 tamen
289 2593 386 2640 hoc
423 2609 615 2657 quoque
652 2593 710 2639 sit
739 2590 1027 2639 testimonio.
1097 2588 1399 2654 Porphyrius

91 2662 389 2727 disciplinam
420 2659 520 2707 eius
552 2659 705 2708 valere
738 2659 960 2719 iusserat,
996 2672 1046 2706 vt
1077 2674 1129 2705 se
1150 2656 1211 2705 ad
1232 2655 1399 2703 melio-

933 2741 1067 2790 ga.-
