1752 3118
278 273 361 313 248
558 267 785 319 >NOTAE
821 269 902 311 AD
940 267 1027 313 DE
1070 267 1324 309 SVBLIM.

378 382 618 437 &nomem
646 385 729 451 μὲν
752 386 902 436 ἐλεγκτ.
938 381 1292 450 ᾳμαρτηματων]
1315 381 1436 422 Diod.
1460 383 1541 422 Sic.
1559 384 1609 430 V,

284 454 322 481 1.
353 441 583 506 Τίμαιος..
596 437 713 485 ,δια
721 455 797 486 τας
819 439 1027 491 ἀκαίρους
1044 442 1120 478 καὶ
1140 453 1315 505 μακρας
1348 439 1611 492 ἐπιτιιιησεις

282 494 458 548 εὐλόγως
465 495 769 561 διαβάλλεται,
791 499 875 534 καὶ
891 492 969 534 διοὶ
999 510 1075 542 την
1099 492 1338 548 ὑπερβολήν
1368 494 1443 544 τῆς
1470 500 1609 534 ἐπιτι-

280 550 445 606 μήσεως
465 550 730 606 Ἐπιτίμαιος
746 550 831 591 ὑπό
852 565 975 591 τινων
996 549 1249 604 ‹avolatio-2927.
1308 551 1388 588 Sed
1420 564 1610 602 magnam

283 607 371 646 eius
393 609 439 646 in
464 606 685 647 sciibendo
720 606 1022 658 eloquentiam,
1065 605 1118 643 de
1152 619 1232 658 qua
1259 605 1467 658 Longinus
1504 613 1614 655 ante,

280 662 424 715 laudat
443 663 612 702 Tullius
635 662 699 709 de
712 660 788 702 Or.
808 662 857 710 11,
887 667 951 701 14.

392 718 433 773 §.
456 731 496 758 2.
530 716 768 771 Θαυμαστη
781 748 811 757 ..
827 748 858 757 ..
883 716 1117 770 σύγκρισις]
1147 717 1288 768 Inepta
1308 730 1405 755 sane
1430 724 1493 755 est
1514 729 1616 755 ora-'

281 775 385 813 toris
419 781 460 812 et
482 773 698 813 bellatoris
716 774 990 825 comparatio:
1021 787 1125 825 quae
1149 773 1257 811 hanc
1286 786 1412 810 vnam
1434 775 1485 811 ob
1511 786 1615 810 cau..

280 843 370 868 sam
391 829 561 867 Timaeo
584 828 723 880 potuit
743 828 795 874 in‘
816 836 1001 867 mentem
1023 830 1192 876 venire,
1223 828 1332 879 quod
1354 829 1423 866 hic
1453 829 1617 867 bellum

283 891 431 923 contra
449 884 593 922 Persas
615 883 758 932 gessit,
787 883 864 920 ille
887 884 990 921 olim
1020 890 1215 922 suaserat.
1272 882 1496 922 Bellatoris
1520 897 1616 921 cum

281 935 366 978 alio
394 939 562 977 homine
581 939 835 989 comparatio
857 938 917 976 ita
935 939 1223 977 tantummodo
1245 939 1386 976 locum
1408 940 1555 987 habet,
1581 939 1618 976 si

281 996 327 1033 in
347 1001 526 1045 Vtroque
541 994 653 1034 inest
675 992 860 1055 ᾳνδρεια
861 1023 875 1040 ,
907 994 950 1031 id
975 994 1086 1045 quod
1110 1000 1285 1031 venusta
1306 994 1468 1032 latione
1486 994 1617 1045 signi-

281 1046 380 1088 sicat
402 1045 623 1100 Longinus.
684 1040 807 1095 Quod
829 1049 864 1086 si
885 1051 1028 1100 paucis
1051 1049 1195 1087 diebus
1220 1055 1289 1086 aut
1316 1049 1431 1087 horis
1453 1049 1619 1088 Isocra-

280 1111 345 1144 tes
367 1105 601 1143 orationem
620 1105 740 1143 illam
764 1105 1080 1156 composuisset,
1112 1105 1247 1142 minus
1277 1104 1421 1156 inepta
1441 1112 1547 1143 esset
1569 1104 1622 1143 ad

280 1156 537 1198 laudandum
555 1158 841 1199 Alexandrum
868 1160 1137 1212 comparatio.
1188 1158 1271 1197 Sed
1294 1161 1486 1211 equidem
1506 1167 1623 1212 puto,

283 1229 375 1254 eam
408 1216 458 1254 ab
486 1215 658 1255 homine
691 1216 910 1267 ἑλεγκτικῷ
938 1216 1171 1254 institutam
1195 1215 1321 1253 fuisse
1355 1219 1621 1268 (quamquam

282 1271 421 1309 alieno
455 1272 574 1325 loco)
613 1272 668 1310 ad
706 1271 961 1335 carpendam
983 1271 1176 1309 isocratis
1195 1271 1453 1312 tarditatem.
1511 1271 1622 1310 Haec

281 1332 330 1364 v't
348 1340 427 1378 pro
446 1325 631 1379 Longino
661 1341 748 1365 non
766 1327 928 1375 minus,
959 1341 1081 1379 quam
1102 1341 1187 1389 ‘Plo
1211 1326 1402 1376 Timaeo,
1433 1328 1624 1380 disputa-

281 1395 398 1430 rem,
431 1383 661 1421 commouit
697 1396 762 1421 me
791 1382 992 1420 iudicium
1027 1382 1112 1420 viri
1142 1382 1255 1420 docti
1288 1382 1329 1419 in
1367 1381 1624 1422 Bibliotheca

282 1436 435 1476 Philol.
464 1452 488 1475 a
517 1438 767 1476 Volborthio
800 1438 934 1486 edita,
974 1438 1064 1477 Vol.
1084 1438 1112 1475 I.
1133 1451 1173 1488 p.
1203 1450 1291 1476 102.
1330 1438 1365 1475 Is
1397 1445 1619 1490 postquam

282 1493 435 1530 merito
466 1493 741 1544 reprehendit
773 1492 1005 1545 Toupium‚
1035 1493 1106 1544 qui
1139 1492 1189 1530 de
1218 1494 1341 1530 rebus
1363 1492 1463 1545 ipsis
1489 1500 1531 1532 et
1551 1493 1625 1531 iu-

283 1548 402 1585 diciis
433 1547 609 1600 Longini
647 1549 739 1587 fere
770 1549 878 1588 nihil
910 1549 1164 1601 protulerit,
1214 1547 1389 1600 Longini
1419 1550 1625 1588 iudicium

282 1604 533 1655 redarguere
557 1612 754 1653 conatur,
779 1619 873 1643 cum
891 1605 1016 1653 dicit,
1038 1605 1399 1655 comparationem
1417 1618 1503 1644 non
1523 1618 1624 1658 pos-

282 1669 326 1696 se
350 1660 529 1698 vlterius
555 1660 748 1707 extendi,
779 1674 901 1712 quam
925 1661 1108 1711 scriptor
1129 1660 1327 1698 voluerit.

396 1714 657 1769 τριάκοντα]
710 1716 811 1767 Cum
850 1716 1070 1762 Messenii,
1120 1714 1321 1753 Pausania
1359 1721 1533 1753 auctore
1562 1715 1625 1765 (4,

288 1771 382 1819 131,
421 1771 623 1821 vicesimo
665 1785 775 1809 anno
810 1785 833 1809 a
873 1771 1089 1823 Spartanis
1106 1770 1208 1808 vieti
1229 1772 1332 1819 sint,
1364 1770 1625 1809 existimauit

283 1825 439 1874 Faber,
468 1840 491 1864 a
515 1826 702 1866 librariis
717 1826 896 1879 Longini
918 1843 944 1866 κ
967 1829 1059 1877 (20)
1082 1826 1125 1863 in
1144 1827 1167 1864 λ
1188 1826 1276 1877 (50)
1295 1832 1503 1864 mutatum
1524 1839 1626 1864 esse.

282 1881 371 1920 Iam
403 1895 425 1919 e
454 1882 551 1920 loco
579 1882 808 1921 Pausaniae
836 1883 944 1921 nihil
974 1882 1164 1933 quidem,
1203 1882 1282 1926 nisi
1316 1882 1397 1920 hoc
1434 1888 1625 1933 apparet,

283 1936 362 1974 illo
386 1950 495 1975 anno
519 1937 681 1978 bellum
702 1939 888 1990 primum
910 1937 1208 1976 Messeniacum
1230 1937 1396 1975 finitum
1417 1950 1517 1985 esse,
1544 1951 1625 1988 quo

284 1993 471 2030 nondum
503 1994 662 2032 subacti
696 2001 816 2032 erant
844 1992 1064 2041 Messenii3
1096 1992 1158 2032 bis
1194 1993 1304 2030 enim
1330 1993 1553 2030 redierunt
1573 1992 1628 2030 ad

286 2061 424 2086 arma:
457 2055 600 2087 tamen
623 2049 797 2100 Longini
821 2050 953 2088 verba
973 2061 1060 2086 non
1095 2048 1220 2086 nimis
1256 2049 1442 2111 {agenda
1471 2048 1628 2086 viden-

284 2107 371 2141 t'ur
429 2102 508 2142 Eos
529 2119 553 2142 a
575 2103 791 2157 Spartanis
823 2106 1016 2143 subactos
1045 2104 1170 2153 dicit,
1211 2104 1308 2156 quia
1337 2103 1457 2142 finito
1487 2103 1628 2156 piimo

284 2159 400 2197 bello
432 2159 651 2216 quiescere
685 2160 961 2212 aliquamdiu,
998 2166 1048 2198 vt
1073 2159 1177 2198 victi
1194 2189 1204 2208 ‚
1244 2160 1378 2198 coacti
1403 2167 1509 2198 sunt.
1562 2159 1626 2198 Cf.

287 2211 411 2253 Diod
435 2214 518 2255 Sic.
543 2217 607 2264 15,
630 2216 696 2254 66.
739 2217 897 2256 Monvs.

401 2270 440 2325 §.
462 2272 500 2310 3.
537 2273 638 2316 Τοῖς
653 2271 697 2311 δὲ
714 2270 996 2324 Αθηναιοις,
1027 2270 1181 2312 ἁλοῦσι
1204 2272 1298 2325 etc.]
1336 2271 1538 2318 Classicus
1555 2271 1627 2310 lo-

287 2334 360 2363 cus
397 2333 458 2366 est
482 2325 744 2379 Thucydidis
780 2328 840 2377 6„
869 2341 935 2381 27.
993 2329 1215 2367 Praeterea
1256 2332 1345 2371 τοῖς
1379 2327 1629 2376 Ἀθηναίοις

287 2384 498 2434 ἐπιφωνεῖ
520 2382 695 2421 liberius
728 2390 769 2421 et
798 2384 1024 2423 dilucidius
1052 2391 1265 2423 vertetur:
1298 2385 1345 2423 de
1367 2387 1419 2422 iis
1442 2385 1629 2423 iudicat.-

288 2442 404 2476 c'erte
432 2451 572 2477 sensus
598 2438 685 2477 loci
702 2439 953 2491 simpliciter
974 2440 1059 2479 huc
1077 2440 1202 2479 redit.
1249 2440 1356 2479 Nam
1374 2441 1410 2478 si
1427 2440 1548 2509 ⁴fluis,
1576 2453 1629 2476 o-

287 2495 379 2532 mni
406 2508 454 2532 re
495 2495 734 2562 proposita,
772 2495 936 2534 dicatur
965 2498 1107 2550 «ἐπιλεῇ1
1083 2510 1191 2545 ειν,
1238 2499 1488 2547 ἐπιφωνεῖν,
1530 2500 1627 2535 ἑπι-

289 2551 474 2600 κρίνειν,
504 2549 750 2602 ἐπιῤῥήσεσι
766 2551 993 2604 χρῆσθαι,
1023 2554 1339 2607 ἑπισημαίνεσθ
1340 2569 1410 2600 αι,
1439 2552 1505 2591 his
1525 2564 1627 2588 ver-

289 2606 353 2643 bis
378 2605 547 2643 omnino
572 2606 773 2644 iudicium
801 2607 852 2646 de
880 2622 928 2646 ea
949 2623 996 2648 re
1017 2598 1294 2660 significatur,
1325 2608 1434 2659 quod
1455 2614 1503 2645 ut
1526 2619 1628 2645 mox

289 2661 507 2713 probantis
531 2667 613 2712 est,
650 2675 750 2703 mox
769 2663 1067 2718 improbantis,
1092 2665 1155 2703 sic
1176 2665 1316 2704 veibis
1337 2664 1402 2703 his
1423 2663 1628 2702 alterutra

1742 827 1752 871 -au
1743 773 1752 823 nm.
1741 635 1752 766 ,as-...Q
1741 585 1742 588 Α
1738 500 1741 502 “

1742 1115 1752 1230 *uz—.—
1738 1020 1752 1109 Asa-„xm
1746 1007 1752 1015 .2
1744 966 1747 969 ’

1746 1838 1750 1847 Ὗ
1749 1776 1752 1779 .
1742 1755 1750 1762 2-
1738 1554 1752 1724 „affl-affl
1733 1241 1752 1545 ..naa-uoeffincfflawff-aa
