1752 3118
569 288 784 339 LIBRI
816 293 883 338 Π.
918 292 971 338 Υ.
1074 312 1078 316 -
1345 308 1435 341 mu

120 420 312 468 formae.¹
376 413 418 462 E
471 412 616 462 codd.
663 413 873 478 qui-nque
927 420 1168 476 vtcunque
1212 412 1437 477 inspectis

120 486 259 535 verba
291 481 532 548 scriptoris
564 482 647 528 ille
680 479 974 540 emendauit‚
998 484 1057 527 'et
1084 480 1268 527 felicius
1295 480 1437 528 etiam

119 571 180 600 ex
198 550 386 615 ingenio
397 585 413 607 ,
451 547 712 611 eademque
733 565 822 613 pro
841 547 1015 609 insigni
1035 545 1279 594 doctrinae
1302 548 1440 610 copia

119 618 322 666 scienter
341 615 617 679 explicauit,
647 615 882 679 congestis
903 612 1099 661 eandem
1118 612 1167 660 in
1188 631 1285 660 rem
1313 613 1439 677 prio—

118 703 225 732 rum
246 682 485 730 editorum
509 679 1025 740 animaduersionibus3
1061 697 1264 745 quarum
1285 695 1440 728 tamen

117 752 349 798 maiorem
379 764 558 814 partem
593 748 767 796 rectius
798 748 1047 796 omisisset.
1118 747 1304 795 Nouam
1335 747 1440 811 ipse

117 817 387 866 versionem
401 816 615 863 Latinam
635 815 774 877 fecit,
800 834 920 880 quae
939 814 1093 879 posita
1113 828 1183 862 est
1199 830 1227 861 e
1244 812 1440 879 regione

116 886 373 933 verborum
418 884 750 931 Graecorum.·
798 881 856 929 In
892 899 945 929 ea
993 899 1215 944 maguum
1251 898 1361 928 sane
1396 895 1443 929 et

117 950 356 1000 laudabile
385 950 595 998 studium
635 949 884 1008 adhibuit,
920 949 1008 996 etsi
1037 948 1317 1011 longissime
1355 949 1444 994 ab·-

118 1018 286 1066 horret
314 1037 340 1065 a
368 1018 477 1065 stilo
513 1018 732 1064 auctoris.
802 1017 925 1064 Nam
949 1033 1069 1080 quae
1094 1016 1175 1063 hic
1204 1029 1367 1080 argute
1396 1029 1444 1063 et

119 1085 332 1133 breuiter
378 1085 525 1149 magis
559 1085 820 1149 significat,
871 1102 1022 1147 *quam
1067 1084 1333 1146 eloquitur,
1390 1099 1444 1130 ea

121 1151 311 1200 Tollius
351 1167 445 1200 tam
477 1152 636 1198 multis
665 1153 822 1198 verbis
857 1151 1229 1198 circumlocutus
1256 1164 1348 1211 est,
1394 1164 1446 1197 vt

120 1219 362 1267 Ciceronis
394 1220 442 1265 in
480 1217 808 1282 exaggerando
830 1215 994 1278 χύσιν
1016 1218 1171 1264 alieno
1194 1218 1306 1264 loco
1333 1217 1446 1263 imi-

121 1300 244 1332 tatus
278 1303 376 1333 esse
411 1285 639 1334 videatur.
708 1283 807 1331 Sed
832 1284 1038 1348 optimae
1061 1298 1188 1331 certe
1208 1283 1445 1332 voluntati

120 1353 252 1413 eius,
308 1350 549 1417 quidquid
591 1353 641 1399 in
677 1368 736 1398 eo
772 1352 1016 1414 peccauit,
1071 1349 1446 1414 condonandum

119 1434 256 1484 puto.
323 1419 451 1467 Nam
486 1417 548 1466 de
581 1419 803 1468 versione
839 1435 923 1464 sua
956 1417 1006 1464 in
1041 1418 1186 1481 praef.
1223 1418 1444 1482 loquens,

119 1489 239 1534 mihi
274 1504 406 1543 eam,
441 1485 623 1548 inquit,
651 1487 861 1548 permisi
893 1486 1165 1531 libertatem
1181 1520 1194 1541 ,
1228 1493 1282 1532 vt
1317 1503 1447 1548 quae

127 1556 326 1601 Graeca
345 1554 558 1609 breuius,
589 1555 680 1599 sed
701 1552 970 1609 obscur-iae,
1003 1555 1136 1598 dicta
1159 1560 1319 1613 erant,
1341 1554 1448 1600 La-

119 1622 221 1666 tine
225 1622 402 1682 fusius
415 1628 464 1665 et
482 1620 745 1666 dilucidius
762 1622 1059 1680 quandoque
1075 1621 1446 1680 interpretarer.

116 1684 218 1733 Sed
243 1699 397 1732 tamen
420 1684 663 1731 nonnullis
686 1683 737 1730 in
755 1683 1002 1747 locisvipsa
1021 1684 1447 1732 circumlocutione

120 1770 280 1799 rerum
299 1766 346 1799 et
365 1750 707 1799 coniunctione
725 1768 1107 1817 synonymorum
1125 1767 1315 1798 sensum
1333 1751 1449 1800 fecit

117 1819 409 1882 ambiguum.
466 1817 655 1866 Primus
684 1818 767 1865 ille
800 1817 1058 1879 fragmenta
1090 1817 1323 1882 quaedam
1342 1837 1449 1865 rau-

119 1886 268 1933 ctoris
292 1886 419 1933 libro
453 1904 503 1932 π.
530 1886 576 1933 v‘.
599 1883 812 1942 addidit,
848 1901 997 1949 eaque
1021 1884 1187 1932 Latine
1209 1885 1449 1950 interpre-

121 1967 244 2000 tatus
263 1952 390 2000 notis
415 1952 553 2000 etiam
578 1951 861 2016 quibusdam
880 1952 1149 2000 illustrauit.
1217 1952 1333 2000 Post
1355 1953 1449 2000 fra÷

117 2033 306 2084 gmenta
344 2019 482 2067 etiam
515 2019 688 2068 adiecit
712 2019 824 2066 libri
856 2035 908 2067 π.
929 2019 975 2067 ὑ.
993 2019 1262 2068 versionem
1296 2019 1449 2067 Galli-

119 2105 220 2135 cam
242 2086 454 2134 Boilauii
474 2106 584 2135 cum
611 2084 822 2134 eiusdem
841 2100 887 2135 et
899 2086 1108 2135 Dacierii
1132 2100 1179 2134 et
1194 2087 1289 2133 suis
1308 2086 1447 2136 etiam

118 2154 246 2202 notis
273 2153 489 2203 Gallicis,
558 2153 808 2201 Postremo
836 2154 949 2201 loco
982 2157 1045 2201 56
1071 2154 1264 2218 paginas
1288 2154 1447 2219 explet

118 2222 291 2269 Iacobi
337 2224 485 2270 Tollit·
531 2224 1019 2270 animaduersionum
1062 2223 1346 2269 criticarum
1375 2224 1450 2270 ad

120 2291 410 2350 Longinum
427 2300 618 2354 gustus·
686 2288 781 2335 Hic
802 2298 1007 2351 gustus,
1045 2305 1188 2353 quem
1206 2289 1444 2353 appellat,

123 2355 330 2402 eruditas
356 2356 405 2403 in
433 2356 642 2422 speciem
672 2361 1100 2403 commentationes
1120 2357 1358 2414 continet,
1394 2356 1446 2402 in

123 2420 299 2483 quibus
321 2422 472 2487 agitur
493 2425 554 2471 de
574 2424 748 2471 virtute
765 2422 1069 2487 quorundam
1088 2424 1311 2470 locorum
1325 2440 1446 2488 poe-

127 2487 331 2534 ticorum
343 2525 360 2548 ,
395 2491 458 2539 ita
477 2507 527 2541 vt
547 2490 723 2538 iudicia
747 2492 1009 2538 referantur
1031 2491 1091 2539 ad
1114 2491 1339 2556 anonymi
1354 2492 1447 2537 ⁴no-

122 2555 208 2601 stri
232 2555 459 2617 quaedam
482 2572 741 2624 praecepta.
792 2557 891 2605 Sed
912 2559 1104 2607 libellus
1127 2569 1198 2604 est
1216 2558 1446 2606 verbosus

124 2636 170 2668 et
207 2622 375 2686 passim
408 2627 671 2685 obscurus,
707 2624 917 2689 ideoque
944 2626 1003 2673 ad
1025 2642 1286 2691 paucorum
1316 2622 1448 2670 haud

124 2686 269 2738 dubie
287 2690 503 2754 palatum.
547 2695 715 2759 Itaque
738 2693 881 2742 satius
907 2709 1005 2742 erat
1025 2711 1135 2744 eum
1158 2689 1446 2751 excludere,
