1752 3118
292 249 566 292 LoNcmt
593 248 673 287 DE
702 222 874 292 svm„
918 249 1093 290 sacr.
1124 254 1191 294 tv.
1358 273 1404 312 ‚7

72 366 212 431 phou
261 377 307 412 et
355 363 530 420 Plato,
575 361 965 425 praestantissimi
1010 362 1082 409 illi
1125 366 1399 431 scriptores,

4 483 6 514 ξ
74 469 369 520 quamquam
414 468 439 497 e
497 449 706 497 Socratis
741 451 974 515 palaestra
1030 454 1262 517 profecti,
1319 473 1397 505 ta-

3 565 7 604 :5
70 563 181 592 men
215 554 414 607 propter
449 538 664 587 studium
697 539 936 596 eiusmodi
968 541 1283 591 minutiarum
1320 550 1396 596 sui
1446 587 1450 595 .

70 651 173 682 non
211 647 481 694 numquam
517 629 881 691 obliuiscantnr.
950 630 1233 696 Xenophon
1276 637 1395 701 qui-

2 784 4 786 ¹
69 722 182 770 dem
228 720 279 766 in
323 717 384 767 de
430 718 683 783 republica
727 717 1228 770 Lacedaemoniorum
1272 724 1395 775 haec

0 813 3 861 Ξ
67 812 237 859 habet:
311 813 496 858 Vocem
550 811 916 871 Spartanorum
958 815 1187 874 aegrius,
1244 832 1395 878 quam

0 896 2 914 ³
63 903 379 964 lapidearum
410 907 706 957 statuarum,
742 902 981 959 audieris;
1017 904 1181 948 oculos
1219 904 1396 965 diffi'ci-

66 994 162 1039 lius
208 990 446 1036 aliorsum
490 991 703 1037 moueris
711 1023 727 1050 ‚
774 1007 923 1052 quam
967 1007 1235 1038 aenearum
1274 995 1394 1042 ima-

62 1082 260 1142 ginum,
312 1080 778 1142 verecundior-esque
822 1097 907 1128 eos
976 1083 1221 1127 censueris
1270 1083 1394 1143 ipsis

66 1173 317 1219 oculorum
368 1174 568 1233 puellis.
678 1167 1044 1231 Amphicratem
1100 1185 1239 1229 vem,
1290 1188 1391 1218 non

64 1257 451 1323 Xenophontem
473 1259 715 1321 decebat,
759 1257 969 1322 pupillas
1004 1257 1263 1305 oculorum
1299 1276 1392 1323 ap-

62 1348 244 1411 pellare
269 1349 456 1413 puellas
474 1349 691 1413 pudicas.
753 1347 891 1404 Quid
913 1347 1059 1407 enim,
1093 1366 1182 1412 per
1208 1347 1388 1411 Deum,

65 1437 106 1483 si
141 1437 253 1502 quis
289 1438 508 1486 omnium
544 1438 742 1485 omnino
787 1437 998 1502 pupillas
1043 1436 1247 1501 pudicas
1284 1439 1390 1486 exi-

55 1526 252 1587 stimet,
320 1546 428 1575 cum
478 1527 803 1593 quorumdam
853 1525 1205 1590 impudentiam
1254 1528 1390 1576 nulla

70 1615 164 1662 alia
213 1618 431 1681 corporis
486 1630 620 1682 parte
674 1615 823 1678 magis
891 1606 1152 1678 significari
1209 1614 1388 1677 dicant,

67 1721 212 1768 quam
248 1704 439 1752 oculis?
489 1709 620 1754 Vino
665 1708 870 1768 grauis,
918 1705 1000 1768 (ita
1047 1704 1290 1753 Homerus
1309 1704 1388 1753 ,de

59 1792 370 1860 impudente)
414 1804 461 1843 et
504 1798 693 1843 caninis
740 1797 902 1842 oculis.
990 1793 1218 1842 Timaeus
1255 1811 1388 1856 vero,

62 1873 203 1947 quasi
252 1883 304 1931 in
351 1885 618 1950 expositam
659 1885 788 1931 furto
839 1902 941 1932 rem
989 1882 1274 1946 incidisset,
1326 1903 1388 1933 ne

60 1970 159 2019 hoc
181 1955 383 2038 quidem
417 1976 568 2039 frigus
603 1973 926 2038 Xenophonti
962 1972 1174 2038 reliquit.
1253 1970 1386 2018 Nar-

62 2076 135 2108 rat
182 2079 295 2125 ergo
333 2077 379 2111 et
421 2063 548 2125 hoc,
590 2063 938 2127 Agathoclem,
982 2063 1118 2128 ‘„qui
1175 2060 1386 2127 cuipiam

65 2152 402 2200 consobrinam
446 2151 497 2198 in
547 2152 904 2200 matrimonium
958 2151 1188 2213 dederat,
1249 2131 1387 2197 eam-

61 2239 179 2288 'dcm
213 2243 353 2289 tertio
389 2261 421 2290 a·
450 2243 629 2307 nuptiis
666 2242 746 2290 die
783 2256 950 2290 rursus
977 2242 1216 2307 rapuisse:
1253 2241 1390 2303 quod

64 2332 174 2394 quis·
192 2333 398 2392 fecisset
433 2350 641 2395 quaeso,
678 2335 764 2397 qui
789 2336 986 2396 puellas
1019 2335 1072 2379 in
1103 2332 1254 2380 oculis
1297 2330 1389 2375 ha·

65 2420 225 2480 beret,
257 2437 355 2467 non
397 2424 670 2469 meretrices
684 2422 744 2469 ’.Μ
794 2421 932 2479 Quid
943 2420 976 2482 ,”
1005 2419 1143 2486 quod
1187 2416 1386 2465 diuinus

67 2508 254 2572 alioqui
291 2508 459 2568 Plato,
505 2528 617 2557 cum
651 2511 815 2575 legum
852 2513 1035 2560 tabulas
1071 2510 1240 2559 dicere
1276 2507 1389 2557 vel-

69 2597 163 2656 lct,
199 2601 448 2661 scriptam,
483 2598 666 2665 inquit,
700 2604 752 2649 in
786 2605 1083 2666 cupressinis
1117 2613 1394 2648 monumen·

1055 2689 1096 2738 B

1425 1800 1453 1844 ’ΞΠ
