1752 3118
284 260 403 304 534-
561 259 784 312 NQTAE
829 261 912 304 AD
955 261 1045 303 DE
1087 262 1340 306 SVBLIM.

282 375 417 427 Atque
435 373 488 413 ad
506 373 619 415 hunc
638 373 780 414 locum
810 375 998 428 respexit
1026 375 1274 429 Xenophon.
1318 374 1515 418 Ceterum
1540 394 1611 419 re-

282 430 516 469 stituendus
533 430 612 469 hae
628 432 842 469 occasione
871 432 1065 470 Aelianus
1090 433 1185 472 Var.
1199 434 1310 473 'Hist.
1328 435 1394 484 ΙΙΙ,
1415 435 1481 474 26».
1527 438 1611 476 Γε-

282 484 477 527 λάσαντά
498 500 611 537 φασι
630 484 703 527 τόν
724 489 918 539 Κροῖσον
941 493 1028 531 τοῖς
1046 489 1124 542 μὲν
1156 487 1364 540 Ἐφεσίοις
1391 491 1610 543 συγχωρῆ-

284 557 363 582 σαι
383 540 456 591 τήν
474 542 559 597 μεῇ
581 543 816 596 ἐλευθερίας
842 542 1216 585 ΑΣΦΛΛΕῙΛΝ.
1273 546 1336 584 Ita
1368 534 1610 585 scrib'endus

282 598 364 636 :iste
383 598 528 648 locus,
557 597 630 650 qui
647 598 762 638 viros
783 598 1044 638 doctissimos
1065 600 1298 652 plurimum
1318 601 1455 640 torsit.
1492 603 1528 640 T
1531 617 1610 645 οντ-

282 666 392 695 rxvs.

365 721 437 764 τόν
457 720 677 775 ἀκροατήν
696 720 880 773 φθάνων
894 722 1019 768 εὐθύς
1038 723 1261 779 ὑποφέρει]
1297 725 1443 766 Scribe
1454 729 1608 777 ἑπιφέ,

281 792 357 832 ρει.
433 777 609 829 Semper
646 778 727 817 hoc
756 792 879 817 sensu
909 779 1064 830 dicitur
1106 785 1322 834 ἐπιφέρειν
1351 789 1393 821 et
1423 782 1611 834 ἐπάγειν,

279 847 494 887 nunquam
509 834 741 885 ὑποφέρειν
755 840 795 871 et
817 833 1006 887 ὑπάγειν.
1038 835 1222 875 Demetr.
1246 837 1409 877 Phaler.
1433 839 1484 876 de
1507 838 1609 876 Elo-

280 897 368 930 cut.
385 890 494 929 Sect.
521 900 611 928 122.
632 892 706 927 καὶ
737 887 813 936 τήν
844 893 1090 944 παροιμίαν
1117 895 1355 947 ἐποίσομεν.
1414 894 1481 932 Sic
1514 893 1610 932 Tib.

279 943 613 986 Hemsterhusius
636 944 881 982 emendabat
899 945 1134 997 vulgatum,
1164 952 1240 986 καὶ
1269 947 1346 996 τήν
1363 952 1610 1003 παροιμίαν

279 999 559 1054 ἐποιήσαμεν.
589 998 890 1039 ΒνΗΝΚΕΝΙνε.
945 1000 1042 1039 Iure
1064 1003 1154 1054 quis
1178 1003 1367 1052 miretur,
1396 1004 1609 1055 'l‘oupium

273 1056 389 1095 nihil
407 1055 451 1093 in
471 1055 675 1094 vtramuis
691 1060 855 1106 partem
886 1056 938 1093 de
972 1058 1232 1096 correctione
1257 1059 1473 1110 proposita
1504 1073 1609 1111 pro-

277 1112 438 1150 tulisse.
496 1111 601 1150 Cum
630 1116 777 1148 auctor
806 1114 1024 1165 ἐπιφέρειν
1057 1112 1137 1151 hoc
1156 1127 1277 1152 sensu
1300 1116 1338 1163 8,
1355 1127 1391 1153 2.
1418 1122 1460 1153 et
1478 1115 1544 1165 39,
1569 1115 1610 1154 4.

277 1167 458 1216 dixerit,
485 1181 552 1205 me
571 1179 702 1218 paene
722 1167 856 1205 mouit
874 1181 1036 1206 summa
1055 1168 1293 1208 Ruhnkenii
1312 1172 1548 1218 auctoritas,
1562 1176 1611 1208 vt

277 1226 473 1276 ἐπιφέρει
503 1222 743 1260 scriberem.
810 1222 894 1260 Sed
928 1237 1023 1261 cum
1053 1223 1259 1276 Longinus
1296 1226 1429 1264 multa
1458 1226 1612 1264 habeat

277 1280 527 1332 singularia,
556 1291 732 1329 cumque
754 1277 807 1315 ad
825 1292 947 1316 vsum
967 1279 1124 1330 figurae
1142 1281 1374 1333 ὑποφορᾶς
1400 1282 1610 1333 respicere

272 1336 487 1389 potuerit,
522 1339 685 1372 mutare
708 1332 887 1385 denique
908 1334 1125 1386 vulgatum
1145 1350 1231 1374 non
1252 1350 1374 1375 ausus
1394 1350 1498 1375 sum.

364 1399 435 1446 οὓς
474 1397 674 1444 ἅπαντας
707 1400 770 1440 ἐθ.
811 1398 910 1453 δημ.
945 1399 974 1448 ’ἦ
1014 1402 1086 1453 π.]
1139 1401 1217 1439 Hic
1256 1403 1375 1442 locus
1410 1403 1609 1448 laudatur

275 1456 503 1497 Plutarcho
521 1456 572 1495 de
594 1456 738 1494 Gloria
758 1454 996 1495 Atheniens.
1012 1470 1054 1508 p.
1083 1456 1180 1496 350.
1200 1458 1394 1497 laudatur
1416 1465 1460 1497 et
1479 1458 1610 1498 'sibe-

274 1512 342 1552 rio
372 1513 550 1552 Rhetori
577 1526 618 1564 p.
645 1514 733 1551 182.
762 1511 836 1550 Ed.
859 1510 973 1549 Gale.
1008 1511 1262 1564 Desumptus
1298 1521 1360 1552 est
1389 1521 1530 1559 autem
1555 1526 1609 1552 ex

275 1568 488 1608 Demosth.
509 1568 562 1607 de
583 1581 725 1605 coron.
744 1581 787 1621 p.
805 1567 900 1607 550.
925 1566 980 1606 ad
1003 1581 1128 1620 quem
1154 1568 1298 1610 locum
1326 1569 1608 1609 consulendus

274 1625 312 1664 T
314 1626 498 1679 aylorus.
523 1624 560 1664 T
564 1636 730 1664 ovmw.

731 1769 761 1811 S
789 1771 823 1812 E
853 1773 884 1812 C
913 1772 963 1811 T.
1018 1772 1150 1813 XVII:

267 1912 273 1915 .
359 1872 400 1928 ς.
424 1887 460 1913 1.
489 1875 710 1930 συμμαχεῖ
742 1873 799 1923 τῷ
827 1869 946 1928 ὕψει]
979 1873 1093 1913 Libri
1112 1875 1275 1928 scripti,
1301 1874 1603 1929 συμμαχεῖται.

272 1930 566 1979 scribendum,
596 1934 816 1984 συμμαχεῖ
833 1945 875 1970 τε
897 1930 953 1979 τῷ
972 1926 1073 1984 ὕψει
1096 1929 1150 1971 τοὶ
1174 1930 1389 1984 σχήματα,
1418 1932 1492 1968 καὶ
1512 1928 1602 1968 πά-

273 1988 341 2028 λιν
362 1984 766 2040 άντισυμμαχεῖται.
823 1987 880 2025 Et
899 1986 1186 2025 sublimitatem
1208 1987 1410 2024 adiuuant
1418 1986 1601 2036 figurae,

272 2051 313 2081 et
334 2043 386 2081 ab
404 2057 455 2080 ea
480 2045 661 2080 vicissim
686 2041 950 2080 adiuuantur.
1011 2041 1134 2088 Quod
1168 2047 1209 2079 et
1242 2041 1461 2092 praeclare
1494 2039 1605 2079 vidit

271 2097 664 2146 Schurzfleischius,
711 2103 752 2138 et
782 2102 879 2136 ante
921 2110 1019 2135 eum
1052 2096 1193 2134 nescio
1222 2096 1312 2148 quis
1341 2096 1386 2133 in
1417 2095 1602 2146 margine

271 2153 436 2192 Codicis
463 2151 655 2192 Eliensis.
711 2150 831 2190 Nihil
855 2151 998 2191 verius
1031 2151 1110 2191 hac
1142 2151 1441 2190 emendatione.
1482 2152 1518 2189 T
1523 2165 1603 2190 ov-

269 2223 373 2250 1’1vs.

354 2275 486 2329 ἰδίως]
515 2274 635 2314 nulla
652 2271 734 2315 alia
753 2288 821 2314 res
839 2281 925 2315 tam
946 2273 1135 2327 exposita
1153 2279 1214 2312 est
1236 2274 1475 2326 suspicioni.
1506 2273 1599 2313 Mo-

267 2346 358 2373 ιινε.
414 2332 651 2371 Secundum
672 2329 780 2368 hanc
802 2331 911 2371 Mori
934 2331 1255 2383 explicationem
1288 2329 1404 2373 ἰδίως
1438 2336 1544 2367 esset
1573 2329 1601 2370 i.

268 2403 310 2442 q.
331 2392 407 2428 καὶ
428 2386 628 2442 μάλιστα.
657 2385 738 2423 Sed
761 2398 813 2425 ex
834 2399 928 2424 meo
953 2386 1120 2438 quidem
1144 2398 1266 2424 sensu
1287 2385 1527 2423 nihilaliud
1539 2392 1601 2437 est

269 2458 411 2496 quam,
430 2451 593 2497 praeter
603 2444 703 2487 alia,
726 2449 770 2479 νῦ
787 2443 894 2480 alias
912 2442 1075 2481 aliunde
1093 2449 1214 2480 natas
1233 2443 1480 2494 suspiciones
1503 2443 1598 2478 mit-

270 2508 371 2540 tam.
406 2497 651 2550 Comparari
666 2496 970 2548 quodammodo
980 2504 1118 2549 potest
1133 2497 1242 2535 illud
1264 2496 1379 2540 ἰδίως
1393 2497 1457 2545 15,
1476 2510 1507 2535 1.
1527 2494 1598 2534 sed
1614 2515 1617 2523 ·

266 2556 397 2608 magis
418 2553 671 2605 adiectqum
689 2551 779 2592 ἴδια
800 2553 918 2602 32,4.
946 2553 1151 2591 Additum
1172 2552 1301 2604 igitur
1318 2552 1360 2590 h.
1379 2552 1408 2589 l.
1429 2551 1597 2590 videtur

268 2610 513 2651 subtilitatis
537 2622 681 2656 causa,
708 2621 762 2646 ne
776 2607 872 2661 ‘quis
891 2622 1029 2647 secum
1051 2608 1234 2659 cogitare
1256 2606 1406 2660 possit:
1432 2605 1596 2658 Ergone

269 2668 360 2708 solo
379 2667 607 2721 figurarum
627 2676 705 2703 vsu
725 2663 815 2703 doh·
833 2664 1014 2717 suspicio
1035 2663 1260 2710 inlicitur?
1331 2687 1335 2717 J
