1752 3118
485 294 582 342 DE
616 291 862 342 LIB'RO
895 298 960 342 sl.
997 303 1049 342 Γ.
1229 313 1415 345 cxxxxr

92 422 296 474 cutionis
319 418 621 468 enim-forma
653 417 927 468 definienda
948 418 1244 488 copiosiores
1276 424 1414 485 repe-

93 494 293 547 riuntur5
318 495 459 551 quam
481 485 533 532 in
559 487 702 535 rebus
723 487 911 553 vtri'que
932 486 1092 552 generi
1111 485 1415 548 assignandis.

94 555 303 606 Omnino
331 563 489 600 autem
509 566 667 617 potest
690 554 1004 619 vnaquaeq'uc
1024 552 1179 600 ars‘ad
1202 553 1412 618 peculia-

94 641 195 673 rem
219 637 357 669 vsum
383 620 746 669 accommodate
786 620 937 683 tradi,
963 619 1210 684 ¹⁴nihilque
1238 619 1412 683 obstat,

93 701 190 755 quo
206 687 366 734 minus
378 687 429 734 in
448 702 508 734 eo
528 688 735 752 scriptor
755 688 999 736 arbitrium
1019 686 1246 752 sequatur
1265 703 1415 733 suum.

92 760 254 812 Quare
277 754 318 800 si
345 752 678 802 artis·diceudi
702 769 1007 820 praeceptor,
1044 753 1233 801 cum‘ab
1258 753 1412 801 amico

92 823 315 870 excitatus
335 828 528 868 “oratore
552 821 613 869 de
641 823 931 870 sublimitate
959 821 1216 880 scriberet,
1254 820 1416 867 elocu-

93 890 276 937 tionem
306 904 501 952 quoque
526 888 1087 937 sublimibus·sententiis
1123 887 1416 936 conuenien-

93 971 189 1004 tem
213 955 447 1020 explicare
469 969 516 1002 et
538 956 662 1003 hanc
686 956 950 1005 rhetorices
976 969 1158 1020 partem
1189 953 1250 1002 ad
1270 971 1415 1003 vnum

96 1033 247 1088 genus
268 1022 417 1070 elatae
438 1023 666 1070 orationis
687 1023 1053 1072 accommodare
1075 1022 1257 1087 voluit,
1290 1021 1417 1069 nihil

98 1105 166 1137 est
179 1126 194 1151 ,
230 1087 364 1154 quod
385 1089 428 1137 ei
447 1089 549 1139 hoc
567 1090 765 1139 nomine
787 1092 904 1140 vitio
927 1090 1047 1138 verti
1066 1089 1232 1154 pos‘sit.
1289 1088 1417 1137 Nam

97 1172 145 1205 et
181 1157 333 1203 amico
368 1174 562 1220 prorsus
594 1159 852 1219 satisfecit,
887 1171 933 1205 et
957 1156 1017 1204 ad
1041 1173 1419 1206 vsum0commu-

96 1241 206 1272 nem
246 1223 392 1269 multa
434 1224 659 1288 protulit,
716 1242 837 1288 quae
874 1225 1091 1274 vniuerse
1132 1238 1178 1271 et
1209 1224 1421 1270 breuiter

98 1289 442 1356 praecipientes
478 1291 698 1339 omittere
733 1290 923 1339 debent.
990 1289 1105 1339 Non
1147 1288 1421 1353 negandum

101 1372 172 1405 cst
189 1373 318 1417 sane,
338 1357 502 1404 multis
523 1357 573 1405 in
591 1358 714 1407 locis
732 1358 1115 1424 praeceptionem
1134 1360 1235 1405 eius
1254 1372 1423 1420 parum

102 1424 290 1472 differre
314 1441 340 1470 a
362 1425 608 1471 communi
634 1425 818 1473 ratione
844 1425 1096 1473 rhetorum
1120 1422 1180 1472 de
1203 1423 1424 1472 Vniuersa

102 1490 377 1539 elocutione
419 1491 668 1555 agentium.
748 1491 849 1540 Sed
886 1491 987 1539 hoc
1024 1491 1194 1541 vitium
1229 1505 1300 1538 est
1329 1489 1426 1538 ho-

102 1557 244 1605 minis
273 1558 556 1619 constantis,
593 1559 770 1624 quippe
798 1573 964 1607 natum
999 1575 1057 1606 ex
1083 1558 1212 1619 illo.
1232 1556 1293 1604 de
1325 1572 1424 1621 quo

103 1641 245 1689 supra
264 1622 469 1671 vidimus
495 1624 666 1687 §.xva
701 1626 742 1673 E
763 1626 1007 1691 plerisque
1030 1640 1186 1674 autem
1204 1624 1428 1687 locis‘pa-

102 1705 197 1750 tet,
247 1707 357 1737 eum
390 1688 591 1740 instituti
624 1693 769 1740 fuisse
799 1707 1076 1740 memorem.
1144 1690 1428 1756 Speciminis

101 1773 242 1806 causa
275 1773 420 1806 vnum
450 1771 593 1823 caput
619 1772 805 1824 tangam
846 1759 906 1807 de
924 1760 1186 1807 verborum
1219 1758 1428 1817 delectu,

102 1838 213 1873 sect.
245 1826 322 1872 50.
389 1822 466 1871 Ibi
497 1827 725 1892 praecipit
756 1826 878 1885 hoc,
915 1825 1134 1890 eligenda
1160 1842 1260 1873 esse
1283 1824 1430 1873 verba

102 1891 291 1955 κύρια,
326 1890 355 1938 i.
374 1907 411 1938 e.
447 1894 592 1942 rebus
613 1897 826 1943 maxime
841 1897 1197 1954 conuenientia,
1231 1906 1279 1941 vt
1307 1889 1430 1956 quae

102 1957 452 2007 consuetudine
508 1960 763 2022 hominum
815 1961 995 2026 optime
1040 1961 1346 2026 loquentium
1378 1958 1430 2004 in

102 2044 240 2075 vsum
263 2026 358 2074 sint
377 2026 663 2080 introducta.
729 2029 902 2076 Paullo
929 2041 1066 2094 post,
1104 2028 1142 2090 ᾗ.
1171 2045 1217 2089 2,
1254 2025 1429 2075 eodem

102 2111 244 2142 sensu
277 2109 619 2144 commemorat
648 2097 792 2144 καλοὶ
817 2093 1086 2160 ὀνόματα,
1122 2094 1202 2144 vbi
1226 2091 1430 2158 proinde

104 2161 284 2210 rectius
307 2174 463 2209 vertas
483 2166 823 2212 conuenientia
846 2164 1123 2222 verborum,
1159 2179 1299 2227 quam
1311 2163 1431 2224 pul·
1491 2195 1499 2204 ,

102 2230 339 2277 chr-itudo.
405 2228 569 2295 Atque
603 2231 740 2278 etiam
781 2229 977 2287 κάλλος
1019 2228 1057 2292 §.
1090 2247 1130 2277 1.
1173 2228 1335 2295 potius
1360 2241 1431 2274 est

105 2298 264 2345 virilis
294 2298 514 2358 dignitas=
554 2317 583 2346 e
613 2301 740 2346 iusto
772 2301 849 2346 rei
882 2300 1027 2362 modo
1063 2305 1186 2344 nata
1200 2333 1216 2355 ,
1268 2312 1430 2360 quam,

107 2378 230 2425 quae
251 2363 445 2427 proprie
456 2362 661 2425 dicitur,
680 2367 1010 2430 pulchritudo.
1048 2363 1291 2420 Quoniam
1313 2379 1429 2409 vero

108 2430 169 2476 de
202 2428 483 2493 eloquendis
510 2433 652 2480 rebus
677 2433 856 2497 magnis
880 2432 1059 2495 agitur,
1095 2430 1260 2479 eadem
1286 2429 1433 2478 verba

108 2496 335 2543 dicuntur
355 2498 738 2565 μεγαλοπρεπῆ.
758 2498 856 2547 Sed
877 2499 927 2546 in
946 2500 1162 2547 oratione
1183 2496 1433 2562 magnifica

108 2581 207 2612 non
246 2564 408 2611 omnia
450 2582 652 2630 possunt
693 2584 792 2615 esse
826 2583 975 2631 aeque
1006 2568 1151 2614 elata:
1197 2567 1300 2614 imo
1333 2564 1432 2610 fere

108 2647 302 2680 necesse
354 2646 450 2692 est,
512 2634 747 2683 nonnulla
790 2651 1041 2682 occurrere
1086 2634 1281 2681 minoris
1323 2646 1436 2676 mo-

107 2699 270 2748 menti.
341 2698 495 2749 Addit
531 2719 645 2769 ergo
678 2716 870 2752 auctor:
913 2701 945 2750 ὁ
978 2698 1158 2763 μέντοι
1190 2719 1245 2764 γε
1281 2698 1432 2759 ὄγκος
