1752 3118
191 239 470 281 LONGINI
521 236 598 276 DE
638 235 807 278 SVBL.
846 236 1021 278 SECT.
1077 240 1166 283 VII.
1204 237 1306 282 vuL
1362 243 1415 280 23

4 406 7 409 x
80 332 210 416 fitur,
250 367 311 411 et,
347 350 467 398 dum
487 349 727 398 exsultans
748 349 1002 414 attollitur,
1027 349 1215 413 ¹gaudio
1241 366 1286 399 et
1310 354 1413 415 glo-

79 443 280 492 riatione
301 440 533 505 repletur,
559 439 697 504 quasi
718 439 822 504 ips-e
844 439 1140 504 protulisset,
1177 458 1301 505 quae
1325 460 1409 487 au-

80 533 242 581 dierat.
279 530 403 577 Cum
432 547 544 594 ergo
565 528 767 595 aliquid,
802 549 830 577 a
852 529 959 578 viro
985 528 1273 594 intelligenti
1293 529 1408 577 lite-
1444 540 1471 583 5

76 638 339 686 rarumque
373 620 531 684 perito
577 637 719 684 saepe
751 619 967 680 lectum,
1004 632 1165 667 tamen
1195 617 1409 669 animum

75 713 214 759 nullo
247 709 591 774 magnitudinis
618 726 768 769 sensu
796 708 957 767 afficit,
991 726 1084 757 nec
1117 708 1407 774 ampliorem

76 798 320 865 cogitandi
338 798 591 856 'materiem
619 798 663 847 ei
688 797 946 863 relinquit,
981 797 1133 845 immo
1153 796 1276 846 adeo
1303 798 1407 872 diu-

75 892 168 939 tius
200 889 466 955 spectando
495 888 750 948 minuitur,
787 906 886 937 non
906 907 1018 952 vera
1048 887 1134 935 illa
1158 902 1228 944 est
1249 889 1405 936 subli-

74 981 213 1030 mitas
226 1017 240 1041 ,
276 980 462 1045 quippe
502 993 690 1026 tantum
714 977 841 1038 iuter
863 977 1128 1042 legendum
1149 993 1405 1045 superstes.

74 1070 186 1118 Hoc
222 1070 352 1118 enim
385 1087 496 1118 vere
530 1086 759 1132 magnum
796 1083 879 1130 est,
914 1067 1053 1133 quod
1084 1086 1184 1133 quo
1220 1067 1404 1116 diutius

74 1159 482 1227 consideraueris,
526 1176 586 1206 eo
623 1156 868 1217 difficilius
914 1171 1059 1221 atque
1093 1156 1222 1212 adeo
1260 1158 1407 1222 plane

72 1267 172 1297 nou
208 1248 449 1296 dimittere
480 1265 542 1305 ,ex
579 1247 745 1309 animo,
774 1246 949 1312 possis,
984 1247 1223 1312 cuiusque
1256 1245 1404 1295 inde-

72 1339 231 1387 lebilis
269 1352 316 1386 et
349 1337 567 1402 pertinax
609 1336 845 1393 memoria
881 1337 953 1385 sit.
1057 1335 1273 1384 Omnino
1309 1354 1404 1386 ve-
1436 1346 1467 1392 4

74 1445 174 1474 ram
210 1425 603 1491 laudabilemque
637 1425 983 1485 sublimitatem¹
1023 1425 1158 1474 illam
1201 1426 1403 1492 putabi-
1476 1459 1479 1463 ι

72 1534 208 1577 mus,
262 1533 385 1580 quae
442 1529 488 1563 et
540 1532 729 1579 semper
788 1530 833 1563 et
878 1516 1104 1568 omnibus
1147 1516 1399 1580 probatur.

71 1605 199 1654 Nam
235 1622 350 1652 cum
378 1603 662 1658 hominibus
694 1602 1011 1665 diuersorum
1042 1605 1395 1671 institutorum,

71 1695 194 1743 vitae
229 1711 492 1758 generum,
529 1691 831 1754 studiorum,
868 1708 1078 1761 aetatum
1116 1708 1162 1742 et
1197 1694 1395 1758 lingua-

71 1803 198 1845 rum,
231 1802 382 1831 vnum
403 1797 450 1831 et
483 1782 614 1841 idem
651 1781 713 1831 de
750 1782 918 1831 eadem
952 1801 1005 1832 re
1039 1781 1252 1845 videtur,
1286 1798 1395 1834 tum

70 1873 121 1920 in
177 1872 266 1920 illo
313 1870 621 1920 diuersorum
666 1873 972 1937 conspirante
1022 1872 1230 1923 adsensu
1279 1864 1395 1923 cer,-

72 1955 252 2008 tissime
286 1961 427 2009 nobis
464 1976 680 2018 constare
709 1977 894 2028 potest,
938 1981 1042 2024 rem
1074 1963 1394 2014 admiratione

73 2048 265 2112 dignam
288 2050 413 2099 esse.
461 2087 465 2091 -

530 2207 563 2254 S
580 2207 618 2254 E
637 2208 675 2254 C
691 2207 747 2257 T.
782 2209 925 2257 VIII.

75 2289 185 2362 Sed
206 2333 318 2362 cum
341 2318 557 2383 quinque
578 2321 679 2369 fere
703 2322 856 2370 veluti
879 2323 1035 2371 fontes
1058 2323 1264 2370 maxime
1295 2340 1385 2386 ge·-

74 2403 213 2451 nuini
241 2405 336 2453 sint
371 2408 690 2470 sublimitatis,
711 2411 877 2476 (debet
906 2427 1066 2463 tamen
1092 2411 1289 2461 dicendi
1309 2413 1389 2459 fa·-

76 2495 228 2541 cultas
242 2532 256 2553 ,
294 2510 344 2543 vt
365 2514 622 2548 commune
643 2499 720 2547 his
746 2503 966 2568 quinque
989 2502 1389 2568 gen,‘?²ssil?usfful¹··

76 2582 377 2645 damentum,
414 2587 508 2635 iam
531 2587 722 2652 adesse,
757 2593 991 2659 quoniam
1023 2592 1126 2640 sine
1156 2610 1207 2639 ea
1238 2590 1385 2655 plane
