1752 3118
344 291 504 324 cxxxv
603 273 1134 326 DISSERTATIO
1169 276 1267 325 DE
1303 275 1495 325 VITA

337 399 396 448 δὲ
411 398 584 463 φύσιν,
603 398 954 463 Πλούταρχος.
990 398 1216 447 Eiusdem
1240 399 1506 447 Democriti
1529 418 1657 448 men-

339 467 520 519 tionem
550 466 659 514 facit
690 467 915 532 Syrianus
946 466 1299 514 Commentario
1334 465 1439 514 MS.
1472 467 1522 514 in
1545 469 1661 515 Ari-³

339 534 520 581 stotelis
533 533 884 599 Metaphysica:
916 532 1049 599 μηδὲ
1065 531 1411 596 Πλούταρχον
1429 537 1524 581 καὶ
1542 533 1656 582 Ἀτ-

327 601 486 650 τικόν
511 605 605 648 καὶ
625 599 956 664 Δημόκριτον
992 604 1114 657 τούς
1133 601 1505 657 Πλατωνικούς
1531 601 1651 648 κατ’

334 668 471 716 αὐτὸ
506 667 662 714 τοῦτο
690 668 964 732 ζηλοῦμεν.
1020 667 1346 715 Ptolemaeum
1379 668 1656 732 Peripateti-

334 753 445 783 cum
472 733 714 781 Fabricius
745 734 869 781 Bibl.
899 735 982 782 Gr.
1007 733 1145 781 Τ.οω
1173 733 1233 780 Π.
1264 753 1308 799 p.
1335 738 1449 782 510.
1473 734 1657 782 laudari

329 799 895 878 putataSextoEmpitric.
923 801 1025 849 adv.
1040 803 1248 849 Gramm.
1269 801 1306 847 I.
1325 804 1367 848 5.
1390 820 1434 866 p.
1450 818 1558 861 22q.
1596 800 1652 848 In

334 887 433 932 quo
469 868 623 916 virum
660 868 904 931 egregium
938 869 1057 916 ratio
1092 865 1224 916 fallit.
1291 868 1415 916 Nam
1448 868 1658 932 primum

331 935 659 992 Ptolemaeus,
707 952 848 998 quem
868 935 1117 997 Longinus
1145 935 1286 995 vidit,
1323 953 1408 1000 per
1430 937 1656 999 temporis

333 1003 540 1050 rationes
559 1001 635 1048 vix
657 1002 817 1064 potuit
840 1019 865 1047 a
880 1002 1026 1049 Sexto
1047 1003 1290 1066 Empirico
1315 1019 1656 1050 commemora-

332 1069 387 1117 ri.
439 1067 627 1115 Deinde
652 1065 900 1130 Longinus
921 1067 1094 1115 diserte
1118 1082 1330 1127 testatur,
1368 1085 1478 1115 eum
1504 1067 1654 1126 nihil,

331 1150 519 1212 praeter
544 1133 752 1181 carmina
775 1149 823 1181 et
849 1132 1242 1195 declamationes,
1291 1135 1519 1198 scriptum
1546 1134 1657 1183 reli-

331 1202 504 1267 quisse.
548 1200 814 1248 Ammonio
839 1201 1156 1266 Peripatetico
1179 1202 1334 1248 hanc
1322 1202 1553 1264 insignem
1578 1219 1657 1249 va-

330 1270 429 1318 riae
460 1268 778 1349 copiosaeque
810 1266 1094 1315 eluditionis
1114 1267 1304 1315 laudem
1326 1268 1496 1316 tribuit
1517 1268 1655 1314 Lon-

331 1337 495 1401 ginus:
543 1354 609 1382 ου
640 1333 741 1397 γάρ
770 1336 937 1390 ἐστιν,
973 1333 1109 1392 ὅστις
1138 1335 1316 1399 ἐκείνῳ
1343 1332 1552 1396 γέγονεν
1582 1337 1655 1391 εἰς

329 1401 706 1465 πολυμάθειαν
734 1401 1107 1465 παοαπλήσιος.
1148 1420 1172 1448 a
1193 1403 1328 1449 cuius
1354 1400 1536 1449 iudicio
1556 1418 1656 1448 nou

330 1470 569 1532 discrepat
599 1467 875 1517 Philostrat..
901 1467 998 1516 Vit.
1029 1467 1239 1532 Sophist.
1272 1467 1333 1514 ll.
1366 1484 1440 1528 27.
1475 1487 1520 1532 p.
1542 1471 1653 1517 618.

328 1535 674 1598 Ἱππόδρομος
712 1535 927 1582 πλεῖστα
962 1533 1157 1596 ἀνέγνω
1194 1534 1331 1598 μετά
1362 1553 1418 1596 γε
1447 1533 1657 1598 Ἀμμώ-

326 1623 442 1653 νιον
470 1607 563 1652 τὸν
591 1601 699 1648 απὸ
732 1601 828 1648 τοῦ
853 1602 1169 1682 Περιπάτου.
1205 1602 1410 1650 ἐκείνου
1434 1605 1533 1665 γάρ
1567 1619 1656 1648 πο-

325 1666 837 1735 λυγραμματώτερον
861 1666 1028 1733 ἄνδρα
1049 1670 1192 1716 οὔπω
1217 1669 1387 1730 ἔγνων.
1423 1669 1504 1716 vbi
1525 1669 1656 1716 Peri-

326 1739 587 1805 pateticum
623 1734 936 1782 Ammonium
972 1754 1088 1784 cum
1123 1737 1378 1784 Platonico
1414 1756 1439 1784 a
1462 1735 1656 1783 Gotho-

325 1805 466 1854 fredo
493 1802 689 1852 Oleario
722 1801 979 1864 confundi,
1014 1820 1155 1851 nemo
1184 1803 1398 1862 miretur,
1436 1821 1548 1850 cum
1575 1801 1657 1849 hic

327 1872 473 1921 etiam
499 1882 663 1920 errant
692 1868 905 1930 IonsiuS,
940 1883 1074 1918 tanto
1107 1870 1297 1917 doctior
1327 1884 1374 1917 et
1406 1869 1654 1930 solertior,

329 1940 391 1989 de
414 1940 551 2003 Scrip
555 1953 586 1986 t.
609 1936 730 1982 Hist.
763 1935 882 1981 Phil.
908 1936 993 1984 III.
1032 1942 1157 2001 15.p
1128 1956 1172 2001 p.
1198 1947 1308 1994 282.
1345 1936 1473 1984 Vide
1496 1936 1656 1988 Fabri,-

328 2009 458 2056 cium
478 1959 605 2055 Bilss.
631 2003 715 2050 Gr.
738 2000 883 2049 Tom.
904 2003 988 2052 IV.
1010 2024 1054 2069 p.
1082 2021 1192 2066 172.

922 2160 1067 2228 ὕην

425 2268 493 2316 Hi
515 2282 625 2315 sunt
653 2266 858 2315 ineuntis
889 2266 1040 2314 seculi
1066 2266 1194 2313 tertii
1224 2264 1533 2330 philosophi,
1570 2283 1653 2313 co·

324 2336 443 2400 gniti
479 2352 642 2383 omnes
678 2334 961 2399 aLongino.
1031 2332 1088 2380 In
1115 2334 1289 2397 quibus
1322 2351 1432 2379 cum
1454 2333 1648 2395 ingenio

325 2402 615 2467 scientiaque
648 2403 791 2465 longe
837 2401 1123 2449 excellerent
1161 2400 1443 2447 Ammonius
1480 2400 1648 2446 Saccas

328 2484 376 2518 et
410 2470 644 2533 Origenes
670 2506 683 2529 ‚
730 2471 907 2518 horum
935 2485 992 2523 §e
1038 2467 1337 2533 potissimum
1372 2466 1650 2530 disciplinae

326 2537 547 2599 tradidit,
584 2537 738 2600 iisque
769 2534 1019 2583 audiendis
1044 2535 1248 2582 multum
1281 2549 1467 2598 ten1p01
1470 2552 1507 2579 1s
1535 2551 1650 2580 con·

329 2607 509 2652 sumsit.
577 2605 738 2668 Ipsum
780 2615 948 2650 testem
990 2602 1280 2650 audiamus
1269 2621 1317 2648 in
1353 2600 1648 2648 Praefatione

327 2673 439 2720 libri
459 2675 573 2737 περὶ
595 2669 793 2727 τέλους
827 2671 935 2718 Τοῦ
956 2668 1012 2719 δὲ
1034 2666 1277 2736 δευτὲοου
1299 2667 1494 2734 τοόπου
1506 2668 1587 2714 Π)
1591 2686 1648 2712 α-
