1718 3122
381 299 899 346 sssc'r1oN.xxx1u.
927 301 967 356 §-
1003 302 1038 344 1⁷.
1061 315 1100 350 2.
1319 309 1396 351 40,

507 414 535 455 S
563 412 596 452 E
626 412 658 452 C
688 412 737 453 T.
794 410 978 454 XXXIII.

162 500 203 555 §.
227 512 263 542 1.
290 500 471 556 μέγεθος
485 498 528 539 ἐν
551 497 682 547 ἐνίοιξ
704 494 1082 553 διημαρτὴμὲνοις]
1111 497 1269 553 βαι-ὦς
1308 515 1403 542 cum

78 555 291 605 Manutio,
323 554 678 610 διημαρτημένον.
734 553 970 593 Sublimitas
990 554 1102 607 'quae
1130 557 1177 594 in
1203 559 1406 598 nonnullis

70 620 230 666 peccat.
289 611 409 658 Quod
439 610 679 661 elegantius.
717 606 915 648 Tovmvs.
968 604 1205 662 Elegantius
1235 611 1405 663 quidem

76 666 158 706 hoc
177 673 274 715 est,=
288 664 382 718 quia
397 665 526 713 vitam
552 662 700 706 tribuit
718 667 911 721 μεγέθει,
940 670 982 704 et
1015 664 1111 717 qula
1144 665 1202 707 sic
1225 667 1406 707 absoluit

76 722 312 768 notionem,
340 727 388 761 vt
402 719 510 759 nihil
528 720 707 771 amplius
727 726 959 772 exspectes,
991 734 1086 760 cum
1119 720 1164 759 in
1182 721 1315 765 altera
1337 722 1406 761 le-

76 777 215 816 ctione
245 773 499 816 adiectiuum
528 782 597 814 aut
623 775 894 829 participium
925 773 1158 816 desiderari
1191 777 1322 829 possit
1355 777 1408 817 ad

77 833 259 888 μέγεθος
278 831 566 880 referendum,
595 845 675 883 quo
694 833 818 884 plane
840 831 1022 870 rotunda
1040 827 1113 884 fiat
1129 831 1277 878 oratio.
1323 832 1410 873 Sed

78 893 122 926 et
148 887 311 939 elegans
344 890 405 925 est
435 886 587 925 similia
628 887 830 925 similibus
871 886 1063 926 reddere.
1141 887 1408 940 Respondent

76 949 217 982 autem
239 943 349 981 inter
367 955 410 980 se
431 943 523 997 μέγ.
541 946 583 983 ἐν
603 939 730 986 ἐνίοις
750 941 1110 997 διημαρτημένοις
1139 949 1180 982 et
1202 942 1334 999 σύμμ.
1361 947 1407 990 ἐν

79 1002 167 1042 τοῖς
185 998 537 1053 κατορθώμασιν.
594 998 749 1036 Verum
773 1004 919 1036 auctor
940 998 1141 1037 minutam
1161 998 1410 1052 elegantiam

77 1066 164 1092 non
185 1060 379 1093 sectatur.
447 1048 513 1093 Ita
533 1051 764 1099 sufficiebat
781 1050 822 1091 h.
841 1052 870 1092 l.
892 1052 1044 1092 dixisse
1064 1052 1094 1104 ἢ
1125 1051 1174 1098 τό
1203 1053 1334 1120 σύμμ.
1364 1059 1409 1097 ἐν

77 1111 167 1152 ,τοῖς
189 1107 551 1163 κατορθώμασιν
582 1111 624 1147 et
650 1108 779 1147 verba
804 1107 888 1163 (τό)
912 1107 1024 1160 ὑγιὲς
1055 1124 1100 1151 π.
1133 1116 1208 1150 καὶ
1230 1109 1408 1163 αδιάπτ.

78 1171 178 1203 sunt
197 1177 504 1217 superuacanea
524 1169 565 1202 et
584 1161 907 1202 concinnitatem
925 1164 1096 1203 tollunt.
1154 1162 1236 1204 Sed
1266 1173 1409 1205 tamen
1463 1184 1465 1186 ·

81 1231 151 1269 ea,
180 1226 227 1258 vt
246 1220 300 1258 ad
318 1219 466 1257 iustam
496 1219 741 1270 grauitatem
771 1219 1024 1267 necessaria,
1052 1232 1138 1258 non
1158 1221 1323 1260 abiecit.

165 1284 449 1338 ἀδιάπτωτον]
480 1283 568 1323 Hoc
595 1282 805 1322 anotione
832 1284 993 1323 labendi
1022 1291 1143 1337 atque
1176 1286 1274 1325 inde
1294 1293 1409 1341 ἔρεσ-

82 1341 209 1382 candi
218 1370 230 1390 ,
257 1354 343 1380 non
362 1354 386 1379 a
403 1340 578 1392 propria
596 1339 716 1378 verbi
744 1338 989 1381 διαπίπτειν
1021 1341 1318 1392 significatione
1340 1345 1408 1383 di.

80 1396 244 1437 labendi
272 1402 314 1436 et
332 1396 527 1450 pereundi
548 1395 720 1434 ductum
752 1408 864 1442 esse,
901 1396 1094 1447 idemque
1125 1398 1268 1436 valere
1298 1399 1408 1450 quod

80 1451 338 1507 ἀμώμητον,
376 1450 454 1502 οὐχ
483 1450 809 1505 ἡμαρτημένον,
865 1451 1031 1502 copiose
1058 1451 1202 1492 Morus
1226 1455 1410 1493 ostendit

79 1508 127 1546 in
143 1507 303 1547 Libello
327 1506 747 1546 animaduersionum.
804 1505 938 1544 Affert
965 1506 1011 1544 in
1032 1520 1122 1546 eam
1145 1521 1234 1547 rem
1256 1522 1277 1547 e
1303 1508 1409 1548 Dio-

79 1558 201 1616 'nysio
226 1563 390 1601 Thrace
411 1561 681 1602 ἀδιάπτωτον
709 1561 964 1613 προφοροὶν,
1004 1566 1283 1604 recitationem
1308 1567 1414 1604 nihil

78 1626 318 1673 peccantem
336 1631 366 1655 s.
388 1621 485 1656 vitio
501 1632 688 1670 vacuam,
715 1630 769 1655 ex
791 1615 966 1655 Eusebio
981 1617 1175 1669 dogmata
1191 1619 1410 1661 ἀδιάπτω-

82 1690 164 1721 τα,
193 1677 447 1726 incorrupta,
470 1680 512 1711 et
537 1672 672 1724 plura,
702 1672 943 1724 consulique
972 1673 1064 1712 vult
1094 1674 1411 1727 Wesselingium

83 1729 138 1769 ad
155 1728 277 1768 Diod.
305 1728 385 1767 Sic.
413 1742 447 1778 1,
472 1730 537 1768 50.

165 1796 205 1844 ἐξ
222 1791 430 1847 ἅπαντος]
459 1794 572 1847 quasi
589 1803 753 1850 propter
770 1806 904 1836 ‘omnes
925 1811 1095 1842 causas,
1114 1785 1214 1836 'siue
1235 1802 1411 1840 omnino.

82 1851 274 1903 Denique
296 1851 479 1903 grauiter
495 1850 745 1900 affirmat,vt
761 1853 873 1891 verti
886 1853 1016 1904 possit
1037 1855 1100 1892 vel
1106 1857 1277 1892 maxime
1294 1855 1411 1892 aliis-

85 1920 166 1959 que
185 1907 418 1959 particulis,
475 1905 622 1945 Monui
644 1908 836 1946 breuiter
855 1915 1032 1959 propter
1049 1908 1153 1947 haec
1178 1908 1313 1947 Porti:
1346 1912 1413 1959 „ig

85 1958 302 2006 ἅπαντος·
346 1965 445 2006 ἴσως
473 1960 538 2012 ἐφ’
567 1957 772 2007 ἅπαντος.
785 1968 811 1988 “
874 1962 934 2001 Eo
969 1963 1191 2014 significat,
1230 1967 1275 2001 in
1305 1968 1414 2004 omni

84 2032 255 2070 genere,
283 2021 327 2056 in
346 2021 430 2057 alia
450 2022 573 2056 etiam
594 2033 834 2071 quacunque
856 2026 963 2066 arte,·
994 2025 1036 2056 et
1070 2018 1148 2056 hoc
1169 2032 1290 2058 sensu
1313 2020 1411 2059 sort.

86 2072 315 2125 Longinum
339 2072 403 2124 ἐφ’
423 2069 500 2114 ἅπ.
521 2074 744 2125 scripsisse.
778 2073 861 2112 Sed
880 2086 965 2111 non
987 2074 1201 2124 probabile
1223 2082 1295 2124 est,
1316 2089 1414 2115 eum

86 2129 271 2180 simplici
317 2129 523 2180 particula
566 2133 641 2168 καὶ
679 2128 914 2168 adiunxisse
954 2128 1292 2179 significationem
1326 2131 1415 2170 loci

85 2184 340 2232 communis,
366 2184 417 2223 ad
440 2198 560 2237 quem
584 2185 843 2223 tractandum
871 2183 1032 2235 digredi
1051 2184 1195 2224 nollet.

178 2250 219 2305 ς.
238 2262 277 2289 2.
305 2248 350 2290 τό
373 2249 455 2304 γάρ
476 2255 518 2291 ἐν
542 2254 670 2291 παντὶ
693 2248 866 2304 ἀκριβὲς
895 2250 1088 2294 κίνδυνος
1118 2251 1414 2308 σμικρότητος]

88 2306 201 2346 Haec
224 2319 375 2344 vereor
392 2313 438 2344 vt
460 2319 556 2344 sana
573 2312 694 2357 atque
718 2306 964 2357 incorrupta
995 2306 1090 2346 sint.
1148 2307 1416 2349 Robortellus

89 2375 186 2400 cum
208 2361 321 2400 MSS.
339 2361 466 2399 Paris.
488 2368 530 2400 et
554 2362 738 2399 Ambros.
761 2361 951 2401 κίνδυνοι
988 2361 1278 2415 σμικρότητος,
1339 2365 1415 2404 Le-

89 2431 165 2469 go,
194 2416 242 2456 τό
263 2415 347 2469 γάρ
369 2422 411 2458 ἐν
429 2421 558 2457 παντὶ
577 2415 751 2470 ἀκριβὲς
771 2417 1152 2458 KINAYNEYEI
1180 2420 1415 2475 σμικρότη-

91 2488 174 2516 τος.
232 2474 286 2512 Id
303 2475 413 2525 quod
431 2475 571 2526 ubique
593 2481 832 2511 accuratum
849 2480 911 2511 est
923 2502 934 2521 ,
962 2477 1007 2511 in
1021 2476 1245 2525 periculum
1279 2478 1418 2517 humi-

93 2530 227 2568 litatis
246 2531 431 2567 incurrat
450 2543 607 2567 necesse
629 2535 698 2568 est.
766 2530 860 2568 Non
881 2534 998 2580 longe
1023 2530 1136 2568 abest
1160 2531 1211 2569 ab
1237 2546 1282 2570 eo
1310 2530 1423 2586 quod

93 2587 294 2623 minatam
310 2592 380 2623 est.
440 2585 606 2622 Suidas:
637 2582 887 2625 Κινδυνεὺει.
913 2584 1006 2625 α’ντὶ
1025 2585 1098 2625 τοῦ
1126 2589 1288 2638 ἐγγίζει.
1347 2586 1418 2625 Io-

93 2651 167 2677 nas
189 2640 217 2686 1,
240 2641 277 2678 4.
299 2640 407 2690 apud
428 2639 551 2678 LXX.
582 2642 674 2679 Καὶ
694 2638 741 2679 τό
761 2643 909 2681 πλοῖον
929 2642 1323 2683 EKINAYNEYE
1343 2638 1422 2682 τοῦ

96 2694 382 2750 συντριβῆναι.
438 2697 542 2736 And
562 2696 629 2735 the
648 2696 739 2750 skip
754 2711 839 2736 was
857 2700 901 2735 in
927 2696 1084 2749 danger
1109 2697 1162 2748 of
1177 2697 1296 2751 being
1325 2699 1415 2737 lost.

1077 2761 1141 2801 Cc
