1752 3118
256 238 524 282 LONGINI
562 233 844 277 DESVBL.
881 235 1056 282 SECT.
1085 239 1254 283 XXXII.
1328 258 1413 288 ,ιιι

101 375 194 422 pus
230 354 409 403 diditos
441 349 654 415 adpellat
687 349 938 412 angustia&
1021 348 1276 400 Aduersus
1310 356 1418 419 pal-

99 445 378 511 pitationem
447 436 609 486 cordis
672 437 724 484 iu
792 438 1145 503 exspectatione
1207 443 1416 506 periculi

99 549 145 582 et
180 527 535 582 effe1·uescemia
568 527 690 587 irae,
736 527 920 592 quippe
968 545 1091 593 quae
1138 527 1278 592 ignea
1300 546 1413 594 ,est,

99 619 367 671 remedium
433 616 627 665 molitos
690 613 793 664 esse
855 614 973 664 deos
1034 632 1218 679 censet,
1290 621 1415 684 pul-

93 710 321 760 monibus
361 707 593 755 mollibus
651 705 968 769 exsanguibus
1019 720 1066 754 et
1134 708 1253 755 raris
1299 709 1413 758 vel-

93 815 150 849 ut
207 797 411 847 culcitra
466 795 613 858 datis,
672 810 746 855 vt,
803 795 842 843 si
895 794 1095 860 quaudo
1148 797 1199 844 in
1261 798 1413 849 corde

92 891 161 937 ira
217 886 477 946 ferbuerit,
539 884 765 933 adsiliens
820 885 1016 950 corpori
1088 884 1283 935 cedenti
1347 906 1413 938 ne
1458 879 1464 883 ⁷

90 979 308 1028 violetur.
421 974 752 1040 Cupiditatum
802 973 970 1022 sedem
1023 974 1178 1023 veluti
1234 994 1413 1043 gynae-

94 1086 265 1128 ceum,
316 1068 414 1114 irae
470 1065 607 1131 qnasi
662 1065 877 1113 virorum
944 1063 1181 1112 conclaue
1241 1064 1412 1132 adpel-

91 1157 241 1216 lauit,
286 1156 464 1204 lienem
518 1171 633 1203 vero
691 1170 887 1213 eorum,
962 1171 1087 1218 quae
1144 1153 1275 1203 intus
1328 1157 1411 1215 (in

91 1245 296 1312 hepate)
357 1258 494 1305 sunt,
562 1243 794 1301 culinam,
862 1240 991 1291 vnde
1044 1242 1276 1308 impletus
1330 1245 1409 1306 iis,

91 1354 217 1400 quae
275 1347 626 1400 expurgantur,
680 1347 882 1397 augetur
907 1385 910 1388 ,
932 1347 977 1381 et
1019 1347 1189 1396 turget.
1275 1332 1406 1382 Tum

91 1442 262 1484 carue,
322 1438 566 1487 tamquam
626 1436 904 1486 tegumento
967 1421 1261 1470 extrinsecus
1318 1442 1405 1489 op-

87 1513 278 1578 posito,
327 1531 354 1560 a
413 1510 505 1559 diis
564 1510 722 1559 omnia
773 1511 1015 1560 occultata
1062 1510 1192 1559 dicit.
1286 1513 1405 1560 San·

88 1603 284 1666 guinem
340 1601 504 1648 cibum
560 1599 713 1647 caruis
761 1600 969 1661 iudicat,
1037 1600 1237 1666 eiusque
1307 1603 1404 1651 cibi

90 1709 231 1739 causa
275 1689 461 1737 canales
517 1707 605 1754 per
662 1707 864 1755 corpus,
931 1689 1082 1737 veluti
1135 1707 1224 1755 per
1276 1689 1404 1737 hor-

88 1796 191 1847 tos,
232 1778 429 1840 ductOS,
486 1793 562 1841 vt,
609 1797 720 1827 cum
768 1797 945 1845 corpus
993 1792 1113 1827 esset
1158 1795 1292 1826 rarus
1335 1779 1403 1827 al-

86 1888 229 1930 veus»,
283 1885 514 1917 venarum
574 1870 773 1917 flumina
842 1887 868 1918 e
922 1868 1128 1934 perenni
1184 1866 1423 1934 quodam*

87 1961 218 2008 fonte
260 1972 516 2007 manarent.
620 1957 739 2006 Fine
803 1973 964 2007 autem
1032 1958 1157 2006 vitae
1221 1956 1400 2006 aduen-

86 2063 240 2105 tante,
303 2047 431 2095 solui
485 2046 603 2095 dicit
668 2045 812 2095 animi
869 2047 1091 2104 vincula,
1142 2061 1194 2095 vt
1246 2047 1402 2095 nauti-

87 2155 170 2186 cos
212 2138 373 2199 fuueS,
415 2138 673 2204 ipsumque
713 2138 925 2186 liberum
968 2136 1159 2184 dimitti.
1263 2135 1398 2186 Haec
1433 2137 1464 2183 6

84 2242 230 2293 atque
277 2226 387 2274 talia
433 2226 687 2276 innumera
739 2229 791 2275 in
834 2228 922 2275 illo
983 2226 1094 2275 loco
1164 2223 1398 2288 deinceps

83 2329 378 2375 occurrunt,
443 2315 529 2365 sed
575 2317 822 2365 sufficiunt
870 2335 949 2380 ea,
1020 2333 1140 2380 quae
1203 2331 1396 2380 propo-

83 2405 187 2466 sui,
239 2432 306 2440 —
348 2434 414 2445 —
469 2419 637 2454 natura
689 2406 834 2454 elatos
883 2423 984 2455 esse
1028 2419 1220 2470 ῑνοροε,
1287 2421 1396 2451 mea-

79 2494 397 2560 taphorisque
478 2495 819 2545 sublimitatem
903 2495 1148 2557 adiuuari,
1217 2509 1392 2557 easque

79 2585 132 2633 iu
176 2598 416 2633 commota
457 2599 502 2634 et
557 2585 749 2650 copiosa
800 2586 1018 2636 oratione
1071 2582 1277 2634 maxime
1320 2580 1391 2627 lo-

1479 206 1495 228 Ι
