1752 3118
384 334 392 340 ’
447 320 545 369 DE
585 320 833 369 LIBRO
877 325 945 367 Π.
989 324 1040 367 Υ.
1320 340 1404 372 cxx

82 465 182 496 tum
204 447 343 495 fiiisse
360 459 661 509 progressum
673 478 691 501 ,
725 459 816 506 qua
834 441 1055 490 homines
1079 445 1403 494 confirmatam

82 515 294 563 indolem
327 509 614 575 ostendunt,
670 526 868 572 eamque
902 511 978 557 vel
1011 510 1062 556 iu
1090 511 1215 557 vitiis
1248 511 1323 558 vel
1351 512 1401 560 in

82 580 333 630 virtutibus
361 577 669 624 constantiam
693 593 779 639 per
800 593 988 623 omnem
1015 577 1155 626 vitam
1173 579 1407 626 servaturi>

82 647 323 705 videntur,
357 658 406 692 vt
433 656 618 698 certum
639 642 735 690 de
723 643 779 689 tis
807 642 1038 691 iudicium
1061 645 1178 692 altet
1179 659 1254 692 uti
1256 662 1331 691 am
1351 645 1403 692 in

82 726 261 780 partem
293 711 399 759 fieri
433 710 596 776 possit.
664 708 879 774 Liquido
914 710 1059 773 igitur
1091 713 1407 776 pronuntiare

83 795 129 829 et
154 795 412 826 asseverare
437 793 708 841 possumu8‚
745 793 854 824 eum
877 776 1021 826 fuisse
1040 778 1193 826 virum
1216 779 1403 825 bonum

82 860 128 895 et
149 846 384 910 probum,
429 844 696 909 insignique
723 843 895 893 virtute
918 859 964 892 et
992 846 1233 893 sanctitate
1268 863 1401 909 prae-

83 913 248 960 ditum.
299 912 528 976 Magnum·
546 911 777 958 habemus
800 910 944 959 huius
966 911 1121 960 laudis
1143 915 1403 975 argumen-

82 995 182 1028 tum
198 1017 211 1039 ,
248 991 297 1026 et
326 995 471 1043 graue
491 979 622 1044 quasi
647 978 969 1026 testimonium
989 979 1039 1026 in
1061 993 1270 1027 extrema
1289 980 1406 1028 libri

83 1047 304 1095 sectione.
371 1046 494 1095 Nam
523 1047 740 1111 profecto
765 1061 860 1093 tam
881 1063 1043 1094 severe
1067 1061 1116 1095 et
1141 1062 1232 1095 tam
1254 1047 1405 1095 vehe-

81 1127 263 1162 menter
293 1115 344 1161 in
378 1113 569 1179 epilogo
607 1113 699 1161 isto
729 1130 828 1160 non
857 1114 1123 1176 castigasset
1153 1128 1405 1179 corruptos

78 1181 330 1230 'hominum
362 1198 547 1240 mores,
584 1180 674 1228 nisi
697 1180 798 1244 ipse
829 1181 887 1227 ab
913 1197 1080 1227 eorum
1100 1183 1406 1258 perversitate

82 1248 262 1295 alienus
284 1247 463 1295 fuisset.
532 1246 593 1294 Et
610 1245 720 1294 vide
742 1247 1017 1309 gravitatem
1035 1248 1143 1309 vi1i,
1176 1248 1408 1295 animum-

81 1333 174 1380 que
201 1316 292 1362 alte
333 1313 635 1362 sentientem!
672 1312 752 1360 ad
767 1314 1067 1378 eloquentiae
1101 1314 1312 1363 studium
1340 1332 1405 1362 ne

80 1381 223 1429 laude
257 1380 452 1446 quidem
474 1395 522 1429 et
551 1381 622 1428 rei
642 1374 930 1428 ineunditate
950 1381 1171 1431 homines
1197 1382 1302 1430 vult
1322 1399 1408 1430 ex-

85 1448 245 1508 citati,
295 1447 380 1495 sed
411 1449 511 1495 sola
542 1447 786 1495 communi
821 1448 1034 1496 vtilitate.
1070 1448 1194 1511 (vid.
1232 1451 1270 1512 §.
1296 1452 1407 1511 11.)

80 1516 226 1564 Hunc
261 1514 404 1562 animi
433 1532 623 1561 sensum
655 1515 749 1561 iam
780 1515 838 1561 ab
867 1514 1005 1564 initio
1044 1515 1154 1563 libri
1186 1518 1407 1581 praefert,

83 1600 194 1629 cum
218 1580 359 1658 dicit,
396 1582 643 1630 Vtilitatem
663 1599 779 1643 esse,
817 1598 960 1644 quam
983 1583 1188 1646 scriptor
1206 1583 1408 1630 maxime

82 1649 379 1713 propositam
413 1648 591 1695 habere
624 1647 804 1695 debeat.
873 1650 949 1695 Ac
986 1648 1047 1696 de
1077 1649 1180 1696 aliis
1211 1649 1409 1713 quidem

84 1715 370 1776 virtutibus,
414 1732 611 1780 quarum
644 1731 744 1762 non
779 1714 982 1762 obscura
1004 1715 1176 1781 passim
1202 1717 1410 1780 repeiias

82 1780 281 1843 indicia,
315 1799 415 1830 non
439 1781 607 1829 dicam.
628 1781 744 1846 (vid.
769 1783 800 1829 6
829 1795 939 1830 extr.
969 1800 1044 1845 12,
1072 1787 1313 1844 4.1‚2.4‚
1341 1784 1410 1847 1.)

84 1849 376 1896 Generosam
401 1850 503 1898 eius
524 1848 739 1897 indolem
760 1848 871 1896 satis
887 1848 1104 1915 produnt
1131 1820 1292 1898 divina
1307 1851 1408 1912 illa,

83 1933 204 1980 quae
235 1930 344 1964 sect.
374 1920 455 1977 55,
490 1933 534 1963 2.
562 1931 608 1965 et
641 1915 868 1982 deinceps
897 1918 1122 1980 legimus,
1159 1934 1280 1993 quae
1302 1935 1410 1981 pro-

82 1985 207 2031 fecto
235 1986 470 2031 fluxerunt
498 2001 556 2032 ex
584 1985 742 2032 animo
767 1985 986 2033 maximis
1012 1986 1187 2033 rebus
1178 1999 1242 2032 1ta
1267 2001 1411 2032 occu-

82 2064 211 2116 pam,
246 2063 295 2099 vt
317 2049 470 2099 foedis
497 2065 544 2099 et
567 2051 828 2099 humilibus
848 2052 973 2101 vitiis
993 2052 1042 2099 in
1063 2069 1122 2099 eo
1145 2052 1281 2099 locus
1307 2069 1409 2100 esse

86 2117 188 2176 vix,
225 2135 279 2165 ac
299 2136 359 2166 ne
381 2118 458 2166 vix
479 2117 690 2183 quidem,
726 2119 889 2185 possit.
957 2119 1270 2167 Verissimum
1295 2136 1407 2166 sane

86 2197 173 2241 est,
193 2184 325 2248 quod
343 2186 502 2234 statuit
523 2186 861 2264 Quintilianus,
882 2187 1121 2235 neminem
1140 2203 1243 2234 esse
1265 2203 1408 2251 posse

88 2264 340 2316 oratorem,
370 2253 462 2300 nisi
485 2254 568 2317 qui
591 2253 717 2302 idem
733 2254 792 2301 sit
813 2254 886 2303 vir
905 2255 1080 2302 bonus.
1139 2254 1292 2319 Atqui
1312 2272 1411 2301 ma-

88 2335 225 2381 gnam
248 2317 331 2366 hic
348 2334 512 2369 noster
532 2321 852 2387 eloquentiam
872 2321 1096 2380 ostendit,
1119 2338 1277 2387 neque
1302 2319 1410 2368 rhe-

87 2386 207 2433 toris
249 2399 456 2450 tantum,
502 2387 587 2435 sed
618 2390 776 2455 magni
814 2389 952 2438 etiam
994 2389 1194 2437 oratoris
1229 2405 1409 2437 nomen

86 2466 320 2500 mer-:etat
347 2473 489 2520 quam
509 2456 730 2505 virtutem
751 2456 891 2505 etiam
913 2455 1260 2505 Ruhnkenius
1247 2474 1296 2503 m
1319 2454 1411 2503 dis-

87 2534 195 2568 seit.
221 2522 257 2584 §.
275 2521 388 2570 XII.
408 2525 617 2587 agnoscit
638 2539 685 2572 et
703 2525 824 2573 iusta
843 2524 985 2573 laude
1009 2539 1218 2572 exornat.
1264 2523 1410 2572 Recte

86 2586 229 2650 igitur
259 2579 396 2637 illum
431 2607 457 2637 e
481 2590 761 2646 Quintiliani
789 2591 1021 2640 sententia
1045 2592 1199 2642 virum
1223 2591 1409 2638 bonum

86 2654 232 2702 inisse
264 2654 492 2705 dicemus.
569 2658 665 2708 Sed
695 2659 793 2708 hoc
831 2661 1046 2737 pluribus
1090 2658 1327 2706 illustrare
1361 2670 1409 2704 et

88 2722 291 2771 oiatorie
313 2725 597 2791 amplificare
619 2743 717 2775 non
744 2742 812 2776 est
831 2727 1032 2775 instituti
1058 2726 1220 2773 nostri.
1254 2725 1412 2772 Pauca
