1718 3122
277 288 360 328 546
771 283 1073 327 ADDENDA

333 399 519 440 XXXIII.
567 399 604 454 5.
628 399 664 439 5.
713 399 774 438 De
814 399 1025 452 Sophocle
1062 391 1162 438 nusn
1203 401 1519 440 assentiendum*
1552 395 1607 441 sit

280 457 462 503 auctori,
489 456 647 494 dubito.
686 455 770 494 Sed
782 454 1007 494 Pindarum
1025 455 1219 494 similiter
1232 456 1506 507 reprehendit
1517 460 1609 498 Ga-

282 515 396 552 lenus
421 513 470 551 de
494 513 685 565 pulsuum
711 511 966 565 dffoeentm:
1002 510 1092 551 οὐδ
1115 509 1206 551 ἀπο
1227 512 1309 551 τῶν
1321 516 1518 580 κυρίων,
1555 514 1611 556 ὠς

284 569 424 620 ἴτυχε,
452 570 704 633 μεταφέρειν
731 566 898 615 έξεοτιν,
929 566 1022 607 οὐδὲ
1048 569 1134 610 τοῖς
1160 582 1335 615 ποιῆται
1339 583 1369 611 ς.
1397 567 1505 608 α’λλοὲ
1528 567 1611 608 κᾶν

284 622 507 677 Πίνδαρός
532 638 593 666 τις
621 625 708 672 εἴη,
743 620 989 662 ὠκεανοῦ
1014 621 1077 662 ta*
1109 625 1315 663 πέταλα
1346 622 1422 667 τοὶς
1452 625 1613 676 κοήνας

283 683 425 732 λέγων,
443 678 521 720 οὐκ
541 680 793 726 ἐπαινεῖται,
817 681 895 718 καὶ
915 676 1024 718 πολυ
1046 677 1222 732 μᾶλλον,
1248 678 1422 719 ἐπειδάν
1440 679 1470 719 α’
1482 689 1614 734 ψευ-

284 736 363 777 δεῖ
389 736 442 776 δὲ
471 734 602 789 πρός
632 733 831 788 ἄκμονι
853 735 1147 785 χαλκεύειν
1177 733 1432 788 ρλῶσσαν.

341 790 529 830 XXXIV.
575 790 613 844 §.
636 802 676 828 2.
713 787 841 842 Nyct]
868 787 1024 828 Omnes
1045 789 1164 828 codd.
1187 796 1230 828 et
1249 790 1314 828 ed.
1336 805 1401 843 pr·-
1423 793 1484 831 λε’
1470 807 1586 843 sewu
1598 818 1617 840 ,

285 847 496 901 quodiam
518 846 664 896 probo·

341 901 528 940 XXXIV.
582 900 623 953 5.
647 911 687 938 2.
740 898 1069 963 μυθολογῆσαι]
1117 901 1307 940 Poenitet
1345 915 1412 940 me
1451 903 1503 941 de
1538 903 1620 942 hoc

284 959 419 997 velbo
436 969 522 995 non
546 962 733 994 secutum
758 969 845 994 esse
871 956 1166 995 auctoritatem
1189 957 1319 1006 Mori,
1357 957 1428 1008 qui
1448 958 1500 995 ad
1523 958 1565 996 h.
1586 959 1618 996 l.

285 1015 388 1053 haec
408 1012 642 1050 annotauit:
672 1010 876 1063 „Propter
893 1011 998 1050 illud
1019 1017 1264 1068 κεχυμένος,
1295 1012 1406 1066 quod
1430 1013 1621 1052 additum

286 1076 367 1117 est,
404 1081 491 1106 non
509 1073 670 1106 tantum
690 1065 808 1105 fictas
827 1067 1089 1106 narrationes
1108 1069 1414 1115 intellexerim,
1447 1080 1621 1119 quarum

289 1125 527 1176 exemplum
552 1123 721 1164 libellus
744 1122 794 1160 de
816 1122 973 1162 Latona
993 1136 1078 1161 esse
1096 1131 1251 1178 potest,
1278 1125 1349 1163 sed
1370 1123 1484 1163 illam
1510 1138 1621 1176 quo..

288 1194 368 1233 que
391 1179 665 1231 probabiliter
691 1185 732 1216 et
755 1191 850 1217 cum
868 1178 1001 1217 multa
1019 1179 1138 1231 copia
1158 1194 1205 1218 ac
1223 1181 1422 1219 suauitate
1443 1181 1623 1218 coniun-

289 1242 399 1274 ctam
413 1234 622 1274 scribendi
635 1234 863 1282 rationem,
884 1247 966 1310 qua
981 1241 1168 1278 oratores
1178 1243 1367 1283 Vtuntur,
1388 1247 1442 1272 ne
1456 1233 1623 1286 sem‘per

288 1291 542 1343 argumentis
572 1303 663 1328 rem
691 1291 904 1339 muniant,
942 1296 1014 1329 aut
1042 1290 1304 1343 philosophi,
1330 1290 1402 1330 vbi
1427 1291 1623 1343 neglecta

289 1346 590 1398 aliquantisper
607 1345 836 1384 subtilitate
849 1341 942 1385 rem
962 1346 1013 1385 ad
1032 1360 1293 1386 communem
1311 1359 1476 1384 sensum
1492 1357 1624 1384 reno-L

290 1409 423 1442 catam
460 1401 661 1453 populari
692 1401 994 1454 intelligentiae
1038 1403 1367 1441 accommodant.
1426 1401 1621 1439 Socrates

289 1458 460 1510 quidem
481 1457 591 1508 apud
612 1457 826 1495 Platonem
849 1458 1036 1511 (apolog.
1056 1458 1164 1510 51.)‚
1194 1472 1288 1496 cum
1313 1456 1439 1509 magis
1459 1469 1624 1495 sermo:-

290 1515 466 1563 cinatur,
508 1526 631 1564 quam
670 1513 736 1551 ius
767 1519 922 1562 tuetur,
972 1528 1014 1551 se
1052 1514 1156 1552 dicit
1189 1513 1622 1568 διαμυθολογεῖσθαι.

289 1570 405 1609 Idem
419 1599 429 1618 ‚
475 1569 546 1609 vbi
585 1569 846 1608 verosimiles
883 1569 1077 1622 sperandi
1115 1577 1260 1608 causa&
1294 1569 1498 1621 explicat,
1535 1580 1623 1605 non

292 1626 508 1664 scientiam
522 1625 696 1674 affectat,
706 1625 865 1664 fatetur
874 1638 916 1663 se
928 1625 1496 1681 ffiwozoyezvffhaedonhet
1507 1625 1623 1675 14.).‹‘

347 1680 533 1720 XXXIV.
566 1680 659 1734 5.5.
687 1681 899 1733 ἐπίχαρι-ς]
924 1681 1051 1719 Bast.:
1069 1681 1198 1730 „Cod.
1219 1685 1426 1732 ἑπιχαρης
1445 1680 1622 1717 sinen-ca

292 1743 430 1775 centu.
461 1736 595 1788 Toup.
611 1742 727 1774 recte
756 1737 858 1788 legit
880 1738 1087 1789 ἐπίχαρις.
1102 1738 1108 1741 ’
1139 1736 1293 1775 Eadem
1316 1737 1445 1774 ver-ba
1467 1742 1510 1774 et
1529 1734 1623 1772 aliis

289 1792 407 1833 locis
415 1790 737 1830 confunduntur.
774 1790 821 1829 In
841 1790 994 1834 Lexico
1013 1790 1252 1830 octateuchi
1269 1790 1406 1858 (Fabr
1426 1790 1526 1829 bibl.
1550 1789 1622 1828 Gr.

289 1848 342 1887 X.
370 1861 414 1900 p.
436 1848 502 1887 62.
536 1845 600 1885 ed.
619 1846 722 1898 vet.)
751 1846 904 1899 legitur
933 1845 1179 1888 ἀστεῖον
1218 1845 1375 1899 καλόν,
1413 1845 1621 1910 ἐπιχαρῆ,

290 1905 643 1958 κεχαριτωμένσν.
693 1903 750 1942 At
776 1902 868 1941 cod.
887 1901 931 1944 S
957 1901 1005 1941 G.
1023 1903 1121 1942 345.
1148 1915 1227 1955 pro
1256 1900 1441 1955 ἐπιχαρῆ
1468 1901 1623 1940 rectius

282 1962 466 2011 ⁴praebet
488 1961 676 2012 ἐπίχαρι.
689 1963 720 1982 “

348 2015 532 2054 XXXIV.
582 2014 619 2069 5.
650 2014 689 2054 5.
727 2016 776 2057 τό
804 2019 856 2069 γέ
880 2032 946 2057 τοι
974 2031 1020 2056 π.
1049 2017 1148 2070 ‘DQ-l
1186 2016 1281 2055 Non
1312 2013 1511 2067 Fabrum,
1553 1981 1625 2052 sed

289 2069 598 2135 Langbaenium
612 2070 680 2110 hic
701 2079 913 2111 auctorem
927 2072 979 2110 de
991 2073 1130 2112 verbis
1150 2072 1234 2110 illis
1259 2070 1443 2109 Italicis
1431 2083 1476 2108 m
1492 2081 1623 2119 marg.

291 2126 382 2166 cod.
395 2126 565 2180 scriptis
579 2127 795 2169 nominare
813 2128 1024 2167 debebam.
1053 2127 1146 2167 Vid.
1160 2140 1302 2180 supra,
1331 2139 1436 2179 quae
1459 2124 1511 2179 de
1532 2124 1626 2163 cod.

290 2181 545 2221 Dudithiano
565 2183 666 2221 dixi.

345 2238 514 2278 XXXV.
543 2238 604 2292 5.
622 2251 660 2278 2.
694 2239 1050 2294 φιλοτιμοτάτους
1069 2241 1164 2293 (per
1186 2237 1228 2291 ο)
1249 2235 1514 2277 scribendum
1537 2248 1623 2274 esse

291 2301 436 2332 monet
446 2294 618 2333 Bastms
647 2295 696 2333 V.
719 2296 930 2334 Sohaefei.
953 2295 1109 2334 Melett.
1128 2309 1168 2347 p.
1191 2308 1231 2346 9.

346 2344 533 2390 XXXV.-
560 2351 596 2405 5.
619 2351 657 2389 5.
707 2351 880 2403 Egregia
909 2351 1036 2390 Tollii
1069 2349 1324 2397 emendatio,
1361 2343 1467 2389 ὅσον
1494 2349 1625 2387 πλέον

289 2405 376 2458 ἔχει
397 2404 479 2445 τό
446 2405 660 2478 περιττοῖν
679 2412 722 2448 ἐν
743 2421 788 2446 π.
809 2412 885 2446 καὶ
907 2410 1018 2461 μέγα
1039 2404 1115 2447 τοῦ
1137 2406 1293 2453 καλοῦ,
1325 2417 1422 2442 oum
1443 2404 1624 2441 lectione

293 2461 412 2500 codd.
428 2457 496 2501 ὅσ.
585 2467 663 2503 ἐν
684 2478 734 2502 π.
758 2468 834 2503 και.
854 2466 979 2517 μέγα
990 2464 1076 2516 (vel
1100 2462 1257 2517 με’)αν)
1285 2464 1359 2500 καὶ
1379 2458 1518 2499 κακόν
1539 2458 1624 2511 (sic

260 2533 263 2535 ·
292 2517 383 2555 cod.
404 2517 519 2566 Par„
548 2518 600 2557 al.
622 2518 786 2574 καλόν)
782 2519 889 2558 fort.
910 2519 968 2557 sio
988 2518 1146 2571 optime
1169 2516 1477 2564 conciliabitur,
1504 2526 1627 2552 sensu

290 2572 482 2611 fauente:
523 2568 653 2614 ὅσον.
675 2592 717 2612 .·.
741 2579 818 2617 καὶ
847 2577 986 2630 μέγα,
1023 2580 1063 2615 εἰ
1089 2579 1167 2615 καὶ
1195 2571 1346 2620 κακὸν,
1374 2570 1450 2611 τοῦ
1478 2568 1624 2612 καλου-

292 2627 398 2666 Nam
423 2628 551 2670 totius
570 2630 669 2668 loci
678 2644 822 2669 sensus
841 2631 913 2670 hic
938 2637 1020 2668 est:
1056 2641 1222 2682 magna,
1252 2629 1356 2667 licet
1378 2626 1627 2679 imperfecta

292 2690 334 2722 et
357 2685 490 2734 mala,
523 2698 562 2724 v.
579 2698 614 2726 c.
637 2686 819 2727 siderum
840 2686 1064 2741 splendor,
1094 2686 1194 2726 licet
1211 2697 1334 2737 saepe
1359 2684 1625 2730 obscuzatus,
