1752 3118
415 301 419 307 .
447 271 744 314 sECTmN.
773 273 844 313 xx.
871 273 912 327 §-
934 286 972 321 ι,
1278 279 1373 318 501.

526 384 755 424 SECT.
811 384 903 424 XI.

156 465 196 519 §.
221 478 256 505 1.
281 463 391 504 Haec
410 463 539 502 sectio
565 463 614 502 ab
637 462 872 515 insequenti
894 474 978 501 non
999 467 1089 502 erat
1113 462 1367 515 diuellenda,

45 521 142 573 quia
174 519 461 559 tantummodo
496 519 719 557 transitum
747 523 866 571 parat
900 518 955 557 ad
987 531 1103 568 rem,
1152 532 1255 572 quae
1289 521 1366 558 de-

44 577 187 628 inceps
206 577 340 615 fusius
354 581 570 613 tractatur.

129 641 255 693 ἀρετή·
276 645 351 681 καὶ
374 638 425 690 ἢν
446 641 648 683 καλοῦσιν
668 640 860 694 αὔξησιν]
890 641 973 680 MS.
992 641 1182 682 Ambros.
1209 638 1262 691 ἢν
1293 645 1370 683 καὶ

45 697 260 738 καλοῦσιν.
291 697 401 748 quod
433 698 607 748 pe1inde
637 705 710 736 est.
768 697 924 735 Deinde
954 697 1044 748 lege
1077 704 1118 736 et
1142 698 1369 749 distingue.

44 753 166 794 τοῦτο
194 751 236 791 δὲ
266 755 344 793 εἴτε
374 752 447 792 διοί
471 757 734 807 τοπηγορίαν
757 778 812 785 -
831 755 1008 808 (μυρίαι
1039 766 1123 805 γαρ
1153 752 1266 793 ἰδέαι
1290 752 1371 795 τῶν

44 805 284 863 αὑξήσεων)
316 810 589 849 ΓῙΝΟῙΤΟ.
645 813 743 850 Hoc
771 815 914 848 autem
935 811 1021 848 siue
1047 822 1119 861 per
1150 812 1373 848 communis

46 866 128 903 Ioci
157 867 463 911 tractationem,
501 868 589 903 siue
619 889 668 895 —
698 867 928 920 (innumera
963 866 1071 902 enim
1097 872 1192 902 sunt
1222 879 1376 918 genera

46 918 392 976 exaggerationis)
402 922 502 971 fiat.
559 921 740 959 Verbum
769 924 851 961 εἰσὶ
871 919 1097 959 reticetur:
1128 919 1240 972 quod
1260 919 1377 968 Lon-2

46 976 143 1028 gino
161 976 336 1014 solenne
356 983 427 1015 est.
460 976 495 1014 T
497 990 655 1016 OVP1VS.

129 1030 209 1071 τῶν
230 1045 392 1086 πραγμ.
410 1036 485 1072 καὶ
502 1031 689 1086 ἀγώνων]
722 1031 862 1070 Morus
887 1030 933 1069 in
959 1034 1153 1071 versione
1180 1036 1383 1083 posuerat

49 1087 249 1140 quodlibet
286 1095 472 1128 euentum
505 1096 544 1126 et
574 1103 701 1127 causa
719 1089 912 1141 sorensis.
978 1087 1060 1126 Sed
1101 1087 1283 1142 πρᾶγιια
1315 1093 1377 1126 est

46 1142 240 1180 Vniuerse
269 1152 574 1196 argumentum,
605 1144 693 1182 siue
722 1158 806 1192 res,
838 1158 941 1199 quae
962 1143 1132 1182 (lacendo
1161 1151 1379 1182 tractatur.

47 1196 117 1236 Sic
139 1197 377 1236 Demetrius
398 1198 513 1237 Phal.
536 1198 576 1252 §-
603 1199 700 1247 133,
719 1198 801 1236 330
822 1205 863 1236 et
885 1198 1000 1237 alibi.
1042 1198 1130 1237 vid.
1150 1204 1192 1236 et
1214 1197 1391 1249 Ernesti,

48 1252 94 1291 in
123 1252 207 1291 lex.
241 1253 420 1294 technol.
443 1267 484 1293 v.
519 1250 832 1308 πραγματικός.
889 1253 1030 1304 Itaque
1056 1253 1167 1290 illud
1194 1254 1377 1303 mutam,

50 1308 297 1359 praesertim
321 1322 415 1347 cum
446 1309 554 1361 ipse
563 1309 604 1363 §.
630 1323 655 1348 2
682 1316 724 1348 et
750 1320 823 1359 12,
843 1320 870 1346 2
890 1323 974 1347 rem
991 1308 1291 1360 interpretatus
1311 1308 1382 1349 sit.

47 1362 143 1406 vid.
163 1370 205 1402 et
231 1364 302 1413 15,
332 1378 356 1416 9
381 1364 432 1402 ad
451 1358 772 1418 ἐπιχειρήσεων.

132 1417 246 1459 κατά
267 1419 510 1474 περιόδους]
541 1421 625 1459 Vei
630 1427 720 1459 tunt
744 1424 790 1459 in
805 1421 991 1473 periodis.
1038 1418 1131 1459 Hoc
1159 1433 1224 1458 res
1253 1420 1380 1472 plane

51 1487 137 1513 non
165 1475 336 1527 patitur.
402 1475 611 1530 Περίοδος
643 1476 782 1528 potius
813 1482 901 1524 est,
956 1476 1067 1527 quod
1097 1489 1172 1513 nos
1201 1475 1382 1522 dicimus

56 1543 123 1568 em
144 1530 363 1572 Absclmitt
371 1547 388 1579 ;
415 1540 538 1586 caput
555 1532 626 1570 vel
641 1547 738 1586 pars
757 1532 850 1570 libri
867 1541 975 1570 certo
994 1533 1083 1571 loco
1103 1533 1339 1571 terminat&⁸

141 1595 550 1652 ἐπεισκυκλούμενα]
573 1598 616 1638 11.
645 1611 679 1637 e.
704 1606 866 1651 praeter
900 1600 1125 1651 opinionem
1150 1600 1316 1651 prolata
1341 1605 1383 1637 et

54 1655 197 1692 ceteris·
226 1653 380 1692 addita.
439 1652 510 1692 Est
543 1654 654 1692 enim
683 1654 860 1692 verbum
883 1667 908 1690 3
932 1654 1173 1697 rescenica
1194 1654 1383 1692 ductum.

53 1709 380 1751 Είςκυκλεῖσθαι
399 1708 645 1748 dicebantur
671 1722 760 1757 reS,
789 1722 892 1761 quae
915 1721 993 1760 per
1013 1708 1271 1758 machinam,
1303 1707 1382 1749 κύ-

50 1765 154 1804 κλον
174 1764 328 1802 dictam
341 1794 351 1814 ,
393 1765 442 1803 ab
463 1765 595 1804 oculis
616 1771 898 1817 spectatorum
916 1765 1226 1803 auertebantur.
1281 1765 1381 1803 Inde

53 1818 430 1874 ὶπειςκυκλούμενα
460 1828 556 1859 sunt
585 1836 671 1867 res,
707 1836 811 1874 quae
841 1823 1003 1873 insuper
1033 1822 1234 1859 accedunt
1263 1828 1303 1860 et
1337 1823 1384 1859 in

55 1876 221 1915 eandem
239 1885 397 1928 partem
426 1885 716 1916 conuertuntur
724 1893 738 1926 ,·
765 1883 813 1915 vt
842 1890 935 1914 cum
958 1875 1058 1914 deus
1078 1876 1233 1915 dicitur
1247 1876 1292 1923 in
1313 1876 1383 1914 sa·-

54 1931 154 1970 bula
174 1937 341 1982 praeter
358 1932 597 1983 opinionem
619 1933 831 1981 accedere,
860 1932 978 1970 cuius
991 1946 1069 1983 ope
1090 1945 1158 1969 res
1178 1931 1384 1984 impedita

59 1986 306 2037 explicatur.
362 1986 533 2039 Insignis
561 1994 623 2026 est
646 1988 763 2026 locun
786 1986 958 2026 Luciani
972 2016 983 2036 ,
1018 2001 1100 2038 quo
1121 1986 1317 2025 Erasmus
1337 1987 1384 2025 in

59 2041 220 2092 Adagiis
246 2041 380 2080 vtitur
402 2047 538 2094 (prov.
562 2046 676 2083 Deus
707 2059 755 2082 ex
784 2046 1017 2096 improuiso)
1039 2043 1084 2080 in
1105 2042 1384 2094 Philopseude

58 2110 95 2135 0.
121 2109 184 2148 29.
241 2096 300 2135 lbi
321 2097 549 2149 disputanti
569 2099 767 2137 aduersus
789 2099 893 2137 alios
911 2105 954 2137 et
975 2098 1184 2139 laboranti
1207 2111 1383 2136 succur-

57 2152 117 2190 111
151 2158 316 2202 praeter
353 2165 467 2205 spem
494 2154 716 2205 Arignotus
738 2153 1060 2218 philosophus..
1072 2152 1387 2208 ..Ἑπιστομιεῖ

59 2206 166 2261 γάρ,
201 2205 339 2260 ἔλεγον
348 2238 363 2256 ‚
403 2208 427 2248 ὁ
459 2224 595 2260 σοφος
626 2208 734 2263 α’νηρ
764 2206 869 2250 οὕτω
886 2209 1102 2280 τεράστια
1136 2208 1382 2257 διεξιόντας

61 2266 137 2301 καὶ
156 2277 198 2301 το
226 2278 297 2302 του
314 2261 466 2317 λόγου,
494 2265 598 2306 θεον
620 2265 710 2305 ἀπό
734 2265 930 2320 μηχανῆς
957 2271 975 2306 ὲ
988 2267 1275 2315 τειςκυκιη
1287 2264 1384 2314 119η-

0 2365 1 2368 ¹
60 2321 155 2359 val
169 2333 247 2372 μοι
264 2318 408 2360 τοῦτον
422 2319 540 2375 ᾤμην
558 2320 650 2361 cino
670 2321 740 2370 τῆς
760 2322 893 2373 τύχης.
922 2322 991 2361 Sic
1013 2321 1124 2360 enim
1142 2336 1221 2374 pro
1247 2326 1316 2362 ἐπ
1306 2336 1384 2365 ις-

0 2372 1 2376 ’
61 2376 174 2422 κληῦ*
178 2373 276 2422 ἦναι
290 2374 371 2426 legi
389 2377 538 2414 volunt
556 2377 753 2428 Guyetus,
782 2378 933 2417 Kuster
951 2377 1006 2416 ad
1027 2377 1240 2429 Aristoph‚
1252 2377 1286 2414 Γ
1288 2377 1386 2415 hes·-

61 2429 252 2481 mophor.
271 2432 364 2479 274.
384 2429 529 2471 Markl.
551 2433 601 2470 ad
627 2434 729 2472 Max.
747 2438 849 2486 Tyr
869 2434 944 2484 23,
967 2435 991 2474 5
1024 2440 1067 2472 et
1086 2433 1171 2473 alii.
1226 2432 1386 2472 Eodem

62 2486 191 2525 verbo
216 2484 422 2536 Longinus
443 2487 576 2526 vtitur
596 2500 671 2536 22,
695 2491 735 2528 4.

175 2550 466 2605 ἑπεισάγηται]
506 2552 672 2602 Morus,
704 2557 842 2596 nescio
875 2571 968 2607 cur,
1005 2558 1140 2597 actiue
1167 2556 1248 2596 hoc
1269 2555 1386 2607 posi-

20 2655 22 2667 ἶ
64 2612 153 2645 tum
177 2609 400 2653 statuebat,
441 2622 517 2659 pro
547 2610 757 2669 ἑπειςάγη.
815 2614 899 2652 11110
928 2615 1139 2666 passiuum
1165 2618 1245 2661 est,
1276 2617 1319 2650 et
1341 2610 1385 2652 in

63 2663 254 2706 versione
275 2664 534 2719 ponendum:
563 2668 647 2707 alia
665 2670 759 2710 aliis
777 2670 983 2712 adduntur
1001 2671 1200 2710 sublimia.
