1718 3122
266 266 349 305 418
518 267 519 271 ’
556 261 782 304 NOTAE
821 261 903 304 An
944 261 1026 302 DE
1063 254 1314 304 SVBLIM.·

361 376 660 439 μυθολογῆσαι
691 378 943 432 κεχυμένος]
974 377 1121 416 Verte:
1152 379 1199 415 in
1221 375 1450 415 tractandis
1469 381 1537 425 (et
1553 375 1607 415 ad
1673 433 1677 437 1

279 446 442 472 causam
460 433 842 481 accommodandis)
852 430 1016 489 sabulis
1036 436 1221 486 copiosus
1243 440 1283 471 et
1305 433 1473 485 amplus,

363 492 406 530 ἐν
427 488 539 542 ὑγρῷ
557 488 780 544 πνεύματι]
811 491 921 528 molli
938 491 1105 542 spiritu,
1136 488 1209 540 qui
1230 487 1352 526 facile
1378 487 1495 526 velut
1517 493 1608 525 tra-

280 545 556 596 ctari-potest,
574 556 659 583 non
677 543 818 583 deficit
833 545 972 593 facile,
999 557 1078 582 nec
1093 544 1138 582 in
1161 543 1390 583 anhelitum
1406 548 1608 580 mutatur.

277 600 427 641 Etiam·
436 600 562 651 paulo
589 606 685 652 post
719 599 846 653 ὑγρός
875 605 940 638 esi}
962 601 1112 646 mollis,
1149 605 1191 637 et
1224 598 1336 651 apud
1361 597 1536 649 Lycurg.
1560 598 1607 635 in

211 686 213 688 -
275 655 425 695 Leocr.·
440 667 475 693 c.
490 663 556 704 10¹,
582 654 657 704 τήν
678 654 981 710 ὑγρότητα·τοἷι
998 655 1132 704 ἤθους
1155 658 1240 699 τοῖς
1258 653 1459 707 δακρύοις
1477 659 1536 696 εἰς
1558 650 1608 693 τό

281 712 395 753 ἔλεος
417 714 690 764 προαγαγεῖνζ
728 710 915 751 Μοιινετῑ
969 732 971 734 ·

359 765 612 813 διεξοδεῦσαι
631 764 691 805 ἔτι
710 765 935 821 &naamis-
954 767 1109 819 ἄκρως]
1149 765 1288 804 Morus
1309 773 1521 818 postrema
1547 765 1608 802 sic

277 821 420 860 effert:
435 826 466 846 '“
477 828 617 859 tamen
635 820 773 858 adhue
788 822 858 875 (ad
876 824 1045 869 metam)
1061 822 1230 859 flectere
1253 834 1420 859 cursum
1441 828 1483 859 et
1503 821 1607 858 red-

273 877 340 915 ire
371 876 424 914 ad
455 876 576 914 initia
612 874 793 930 (stadii)
824 882 985 927 potest:
1022 875 1124 913 adeo
1153 876 1272 914 valet
1291 876 1484 926 spiritu.’'
1520 875 1606 927 Ego

277 932 337 969 sic
358 930 521 969 malim:
541 931 733 983 ‘asdlmla
752 939 966 979 enarrata,
992 933 1109 982 flexo
1129 945 1269 979 cursu,
1292 931 1489 984 facillime
1509 934 1608 970 item

276 987 336 1025 ad
356 1000 439 1025 rem
463 989 544 1024 seit
563 986 703 1025 redire.
756 986 892 1038 ¹Nulla
910 999 1063 1038 nempe
1086 986 1263 1024 sentitur
1285 986 1373 1024 eius
1394 987 1581 1026 anxietas
1594 1015 1607 1035 ,

275 1041 385 1080 nihil
418 1041 659 1093 abruptum,
686 1041 763 1080 vbi
789 1055 832 1080 se
856 1042 906 1080 ad
938 1055 1103 1080 causam
1125 1041 1301 1094 recipit:
1331 1042 1404 1080 sed
1429 1042 1518 1094 ipsa
1540 1041 1608 1079 di·-

275 1097 430 1148 gressio
449 1098 487 1135 ei
506 1097 691 1135 reditum
706 1097 877 1136 ‘facilem
892 1098 1078 1150 praebet,
1095 1098 1153 1134 ita
1170 1103 1218 1135 vt
1238 1095 1273 1134 a'
1282 1098 1497 1149 proposito
1519 1110 1607 1135 non

275 1151 498 1191 deflexisse
522 1153 730 1193 videatur.
754 1162 756 1165 “
787 1153 893 1191 Nam
922 1152 1106 1200 διέξοδος
1135 1160 1195 1191 est
1218 1153 1280 1201 id,
1312 1153 1424 1204 quod
1450 1152 1606 1204 signifi—

275 1208 369 1248 caui
398 1208 514 1262 (vid.
536 1208 710 1255 Quintil.
733 1209 813 1258 IX,
834 1211 880 1257 5,
902 1211 952 1259 87
966 1207 1000 1261 ):
1028 1216 1070 1247 et
1086 1209 1268 1246 verbum·
1285 1207 1507 1263 εὐκαμπής
1526 1222 1606 1246 vr*

274 1263 456 1314 gendum
473 1264 664 1313 videtur,
697 1274 793 1303 cum
811 1278 863 1302 ex
880 1264 989 1302 Mori
1003 1264 1205 1307 sententia
1222 1271 1383 1302 tantum
1403 1263 1606 1315 significet

274 1322 438 1372 magnis
459 1321 630 1359 lateram
643 1322 794 1359 viribus
814 1322 1028 1368 valentem,
1048 1335 1121 1358 nec
1130 1321 1263 1373 facile
1282 1320 1605 1372 defatigandum.

272 1373 326 1413 Id
353 1384 621 1427 quamquam,
670 1375 896 1427 allegorice
927 1375 1106 1423 dictum,
1142 1374 1354 1426 'significat
1382 1376 1606 1422 hominem,

273 1433 348 1484 qui
369 1431 731 1471 diurnam‘mentis
755 1435 1019 1483 incentionem
1044 1434 1132 1470 sine
1155 1430 1405 1469 incommodo
1430 1431 1607 1484 perferre

268 1494 427 1538 potest,
456 1493 596 1525 tamen
621 1489 751 1526 verbo
772 1486 995 1542 εὐκαμπής
1010 1500 1094 1525 non
1115 1486 1354 1538 respondet.
1410 1486 1606 1525 Deterius

275 1542 413 1580 multo
435 1541 583 1580 Portus
605 1543 658 1582 ad
671 1546 1046 1596 pronuntiationem
1064 1542 1286 1581 referebat.

361 1593 501 1650 ὥσπερ
527 1597 675 1652 ἀμέλει
704 1597 760 1639 voi
788 1601 867 1654 μὲν
898 1596 993 1651 περὶ
1014 1598 1090 1647 τήν
1113 1597 1243 1647 Λητώ
1277 1596 1604 1650 ποιητικώτερα]

272 1653 370 1691 Non
389 1660 559 1691 vertunt
571 1684 581 1702 ,
610 1655 682 1693 sed
701 1661 950 1706 peruertunt
969 1654 1071 1692 haec
1088 1668 1246 1701 omneS,
1277 1668 1378 1705 quos
1395 1654 1604 1704 inspicere

272 1708 425 1760 potui,
443 1709 717 1760 interpretes,
746 1709 864 1748 Moro
887 1716 1074 1761 excepto.
1134 1709 1239 1747 Cum
1265 1708 1605 1747 antecedentibus

271 1762 377 1802 haec
396 1777 482 1802 non
512 1764 571 1802 ita
599 1764 844 1813 cohaerent,
872 1771 920 1803 vt
941 1778 989 1803 ea
1009 1765 1092 1802 iam
1127 1765 1318 1816 exemplo
1347 1763 1604 1802 confirmen-

272 1826 366 1857 mr:
394 1818 467 1856 sed
486 1821 737 1858 vertendum
751 1827 869 1859 erat:
895 1823 1003 1859 sieut
1021 1820 1206 1874 (contra)
1224 1824 1270 1859 in
1278 1821 1429 1874 silbula
1451 1821 1498 1858 de
1511 1822 1604 1858 La-

274 1883 374 1913 tona
401 1875 531 1925 (quod
547 1876 643 1927 quis
665 1876 739 1915 vix
768 1875 1025 1930 credat)sere
1042 1874 1206 1929 poetica
1226 1877 1403 1914 dictione
1419 1890 1513 1914 usus
1531 1883 1603 1914 est.

271 1929 487 1968 Nimirum
516 1932 723 1983 ea,'1quae
749 1931 947 1970 hactenus
969 1932 1013 1969 in
1049 1931 1262 1984 Hyperide
1289 1931 1455 1970 laudata
1485 1937 1602 1976 sunt,

272 1998 362 2023 non
383 1987 605 2037 postulant
639 1987 924 2026 sublimiorem
954 1987 1186 2026 orationem
1204 2016 1214 2035 ,
1256 1987 1328 2024 sed
1359 1986 1604 2025 submissam

273 2044 348 2078 aut
374 2047 662 2093 temperatam.
718 2042 806 2081 Iam
828 2043 956 2094 igitur
973 2049 1015 2081 et
1036 2042 1117 2081 hoc
1137 2043 1328 2091 additur,
1359 2055 1454 2080 eum
1478 2042 1604 2080 etiam

273 2097 360 2134 alta
383 2102 424 2134 et
451 2097 668 2149 magnifica
687 2098 879 2137 oratione
894 2111 1014 2137 vsum
1036 2111 1122 2137 esse
1144 2099 1189 2136 in
1210 2099 1368 2136 duobus
1392 2098 1601 2149 operibus,

271 2150 350 2195 ,Τοὲ
380 2167 425 2191 π.
455 2169 489 2193 τ.
519 2153 650 2203 Λητώ
683 2154 886 2205 inscripta
921 2161 1039 2193 eraut
1065 2155 1233 2192 nomine
1260 2153 1602 2201 ΛΗΛῙΑΚΟΣ,

276 2206 330 2245 de
353 2221 433 2259 quo
453 2209 598 2248 libello
620 2210 808 2248 breuiter
827 2210 910 2261 agit
936 2209 1206 2248 Ruhnkenius
1231 2211 1276 2248 in
1296 2209 1480 2248 Historia
1500 2208 1605 2247 Crit.

276 2268 493 2302 oratorum
515 2265 591 2302 Gr.-
609 2279 650 2316 p.
666 2265 808 2304 LXIX.

359 2317 432 2359 τόν
460 2318 503 2357 δ’
533 2320 790 2372 ἐπιτάφιον]
836 2319 1059 2373 Hyperidis
1081 2319 1310 2372 ἐπιτάφιος
1335 2321 1424 2359 siue
1458 2323 1601 2361 Oratio

264 2372 455 2427 funebris
490 2389 585 2413 cum
608 2377 758 2415 ceteris
784 2376 868 2414 viri
898 2377 1183 2415 facundissimi
1204 2377 1369 2429 scriptis
1395 2376 1465 2415 diu
1487 2377 1600 2414 'mul-

274 2435 448 2480 tumque
474 2430 745 2470 desideratur.
799 2430 899 2470 Eam
923 2433 1084 2484 egregie
1106 2433 1278 2471 laudant
1298 2439 1468 2485 praeter
1496 2432 1599 2470 rhe-

274 2489 414 2523 torem
436 2493 634 2532 no'strum
655 2487 867 2526 Diodorus
891 2488 1078 2537 Siculus,
1108 2488 1378 2536 Plutarchus,
1406 2487 1599 2536 Photius,

275 2537 565 2591 Harpocratio,
587 2543 660 2581 alii
681 2543 926 2594 complures,
954 2543 1081 2583 Extat
1093 2544 1372 2595 fragmentum
1393 2544 1480 2581 eius
1500 2556 1598 2580 sane

275 2595 623 2646 elegantissimum
666 2600 776 2651 apud
814 2597 1036 2639 stobaeum
1078 2599 1209 2638 Serm.
1247 2599 1424 2638 CXXIII.
1465 2599 1597 2650 quod,

274 2650 372 2701 quia
381 2651 431 2691 ab
449 2651 535 2692 hoc
554 2654 646 2693 loco
665 2655 777 2695 haud
794 2655 977 2695 alienum
996 2662 1070 2708 est,
1092 2661 1134 2696 et
1154 2655 1304 2696 lectori
1322 2654 1487 2694 erudito
1507 2654 1597 2693 sine
