1752 3118
317 231 596 280 LONGINI
631 228 868 272 FRAGM.
898 226 962 268 VI.
987 227 1073 268 Vn.
1287 228 1370 282 383v

42 357 166 407 senti
200 354 315 415 tibi,
351 366 398 400 et
430 351 575 412 longe
610 364 636 392 a
670 362 748 392 me
785 355 988 415 remoto,
1025 357 1141 386 cum
1177 352 1222 386 et
1245 337 1368 405 Tyri

41 449 325 507 versareris,
371 441 668 507 significaui,
708 457 786 486 me
829 454 905 485 res
939 435 998 482 ab
1037 451 1094 481 eo
1132 446 1368 495 tractatas,

42 545 215 595 maiori
257 516 529 588 saltem-ex
574 550 737 600 parte,
782 551 881 580 non
926 528 1197 578 admodum
1247 543 1371 590 pro-

42 641 186 699 bare,
251 633 338 684 sed
388 634 593 681 formam
647 628 877 678 orationis
922 623 1373 685 sententiarumque

46 732 331 782 densitatem
380 744 425 778 et
468 724 860 793 philosophicam
908 722 959 769 in
1006 716 1374 786 quaestionibus

46 825 304 875 tractandis
342 825 577 872 rationem
601 821 916 868 vehementer
946 815 1198 876 admirari‚,
1223 830 1375 877 eaque

47 921 188 970 vnice
227 918 475 975 delectari,
503 928 553 964 Vt
588 917 822 963 affirmare
856 931 957 961 non
995 910 1244 965 dubitem,
1277 921 1375 972 eos,

50 1016 138 1081 qui
181 1027 432 1063 versentur
475 1012 527 1058 in
573 1011 721 1058 rebus
769 1006 1158 1073 contemplandis
1199 1021 1250 1054 et
1287 1023 1380 1053 co-

50 1104 354 1173 gnoscendis,
389 1106 564 1171 scripta
603 1106 704 1154 eius
738 1106 791 1152 i'n
826 1119 1030 1152 numero
1063 1101 1383 1167 ‘praestantis-

54 1203 286 1253 simorum
319 1218 505 1268 ponere
539 1207 780 1265 oportere.

662 1348 783 1405 VII.

55 1440 170 1511 Sed
206 1475 255 1509 vt
289 1461 459 1526 paucis
497 1458 685 1515 dicam,
736 1457 882 1521 longe
917 1455 1039 1503 mihi
1082 1437 1112 1504 ¹a
1146 1471 1263 1503 vero
1301 1472 1387 1504 re-

57 1575 168 1605 rum
223 1555 412 1603 iudicio
469 1553 720 1601 recessisse
773 1551 1028 1609 videntur,
1101 1551 1387 1616 quicunque

57 1651 272 1698 animum
309 1663 605 1713 corporeum
643 1665 743 1701 esse
777 1646 1169 1711 pronuntiarunt.
1241 1645 1391 1702 Quo-

57 1741 210 1794 modo
249 1738 375 1791 enim
415 1758 792 1791 consentaneum
829 1756 914 1803 est,
952 1760 1065 1790 eum
1091 1738 1238 1788 alicui
1267 1740 1391 1806 parti
1453 1754 1459 1761 ·

64 1842 418 1890 elementorum
453 1830 662 1885 similem
697 1835 944 1886 statuere?
983 1851 1029 1885 et
1050 1834 1304 1902 quomodo
1330 1834 1392 1882 ad

66 1954 178 1983 eum
225 1934 401 1981 referas
448 1930 784 1980 concretiones
831 1947 878 1980 et
922 1928 1217 1979 mixtiones?
1287 1928 1392 1978 Hae

66 2047 183 2077 cum
227 2024 365 2075 variis
410 2026 528 2074 fiant
568 2023 754 2090 modis,
799 2021 1079 2074 innumeras
1129 2042 1394 2090 corporum

67 2102 266 2189 species,
300 2138 468 2172 natura
503 2118 572 2169 sic
606 2123 808 2183 ferente,
842 2114 1155 2187 producunt:
1191 2121 1241 2168 in
1275 2121 1394 2186 qui-

67 2219 161 2265 bus
199 2219 284 2267 etsi
318 2236 417 2266 non
450 2237 474 2267 e
499 2219 740 2284 proximo,
778 2233 936 2266 tamen
969 2235 1026 2266 ex
1048 2218 1211 2282 aliquo
1236 2217 1395 2265 inter—

70 2313 199 2360 vallo
243 2309 411 2361 videre
458 2313 573 2362 licet
618 2330 809 2360 causam
854 2314 905 2359 in
953 2312 1201 2361 elementis
1235 2314 1395 2375 sitam,

74 2423 119 2468 et
155 2407 406 2473 quomodo
453 2426 478 2456 e
523 2408 689 2473 primis
724 2406 938 2457 secunda
985 2422 1030 2456 et
1063 2408 1201 2456 tertia
1235 2410 1397 2474 profi-

76 2505 328 2552 ciscantur.
399 2501 466 2550 At
516 2522 710 2564 eorum,
760 2523 886 2571 quae
933 2503 995 2551 ad
1032 2504 1245 2552 animum
1280 2523 1414 2570 per-g

74 2600 243 2664 tinent,
268 2598 463 2648 nullum
498 2601 767 2665 vestigium,
792 2600 984 2647 nullum
1020 2599 1260 2648 indicium
1292 2601 1398 2649 ori-
