1752 3118
496 304 499 306 ·
546 290 766 340 LIBRI
799 296 865 340 Π.
901 294 951 340 Υ.
1287 309 1418 343 Lxm

101 417 249 466 editio
273 433 460 480 magno·
455 417 722 496 splendore
747 431 905 465 curata
930 412 1419 476 estLondini‚1724.

101 492 145 533 4.
214 485 348 540 Quae
379 501 488 530 cum
521 486 658 548 pretii
683 484 1007 548 magnitudine
1033 498 1186 530 emto·
1191 500 1239 529 es
1265 481 1417 528 deier-

101 570 174 599 rei
179 566 246 612 et,
283 565 329 597 et
362 549 422 596 ad
450 569 583 597 vsum
617 553 752 597 etiam
784 550 1137 598 incommodior
1158 549 1416 607 videtetur,

99 618 281 683 parauit
307 620 465 675 aliam,
502 619 904 678 Lond.175·1.·8.
974 618 1027 663 ln
1050 616 1142 662 hac
1169 617 1417 692 complana

97 685 287 731 refinxit
315 700 360 731 et
385 684 444 731 de
471 685 728 731 mutatione
750 686 866 731 facta
888 683 1083 747 singulis
1108 685 1288 749 paginus
1315 699 1418 729 mo-

96 753 215 799 nuit.
284 750 465 799 Eodem
505 767 745 816 tempone,
796 770 892 814 qno
940 753 1055 798 haec
1091 751 1231 799 altena
1267 748 1415 797 editio

95 819 342 884 parabatur
362 818 598 876 Loudiui,
637 818 921 879 Wetstemi,
959 818 1040 881 qui
1060 817 1180 864 nihil
1203 833 1253 862 ea
1280 817 1339 862 de
1364 832 1415 862 re

96 900 445 949 compererant,
481 886 844 932 Aiinstelaedaixii
866 886 1071 950 priorem
1096 883 1225 929 illam
1248 883 1417 931 editio-

95 969 204 999 nem
241 953 307 999 sie
338 966 543 1000 ornatam
582 954 807 999 recudene
840 965 1117 1015 campumt,
1165 964 1213 997 vt
1240 950 1418 997 minori

93 1020 250 1084 pretio
272 1020 363 1066 emi
388 1033 556 1084 posset.
605 1020 761 1076 Quia
751 1021 892 1079 igitiu
912 1034 1038 1080 tum,
1074 1036 1182 1066 cum
1207 1015 1266 1064 de
1287 1034 1416 1064 noua

95 1086 303 1133 editione
338 1088 546 1134 instituta
583 1088 808 1134 certimes
840 1057 1038 1145 fiere'ut,
1086 1086 1178 1131 iam
1215 1083 1414 1132 dimidio

94 1154 292 1218 amplius
325 1166 370 1219 ι)
378 1154 449 1218 pis
470 1154 599 1200 illam
632 1153 913 1217 descriptam
942 1153 1203 1212 habebant,
1252 1166 1417 1215 postea

92 1219 375 1267 mutationes
398 1234 453 1267 et
476 1220 799 1278 accessiones,
833 1237 954 1285 quae
981 1221 1029 1267 in
1056 1235 1182 1265 noua
1206 1218 1414 1266 editione
1438 1216 1451 1223 ’

93 1289 423 1350 :operiuntur²
457 1286 506 1333 in
538 1289 630 1334 fine
665 1286 964 1334 addiderunt.
1035 1285 1304 1337 Commodo
1330 1297 1412 1331 au-

93 1367 190 1401 tem
227 1354 423 1401 illorum
457 1353 641 1415 euenit,
691 1366 769 1414 vt,
817 1371 927 1402 cum
959 1351 1288 1402 ornamentum
1324 1353 1415 1399 ali-

94 1419 227 1484 quod
269 1419 467 1467 editioni
503 1438 614 1467 suae
651 1436 958 1483 quaererent,
1018 1437 1114 1484 quo
1146 1422 1413 1467 vinceretur

93 1501 287 1551 Vtraque
318 1486 664 1546 Loudinensis‚
696 1491 906 1540 Isaacus
933 1489 1267 1547 Ver-burgiae,
1308 1488 1413 1553 Gy-

93 1555 259 1602 mnasii
281 1554 478 1601 Amstel.
503 1568 674 1613 rector,
706 1553 802 1599 illis
822 1555 1016 1600 offerret
1041 1570 1283 1614 nunquam
1306 1568 1414 1602 ante

95 1621 272 1669 editum
310 1620 713 1667 Commentarium
747 1619 1016 1666 anmsm
1052 1618 1237 1678 Pom-1,
1301 1619 1412 1668 Cre-

90 1689 260 1748 tensis,
295 1686 343 1732 in
371 1686 548 1733 librum
581 1705 630 1734 π.
659 1685 705 1732 v‘.
775 1685 884 1734 Hoc
915 1702 1027 1749 ergo
1070 1687 1410 1734 commentario

86 1754 175 1818 (de
194 1771 290 1818 quo
320 1754 458 1801 etiam
486 1752 543 1800 ad
565 1754 707 1817 praef.
732 1751 915 1817 Toupii
933 1751 1112 1815 aliquid
1133 1751 1252 1815 dixi)
1278 1754 1413 1801 locu-

88 1823 313 1885 pletatam
347 1821 605 1868 editionem
632 1838 762 1866 suam
789 1819 1094 1868 absoluerunt
1116 1835 1241 1866 anno
1271 1825 1409 1880 1755.

86 1888 357 1952 Aliquoties
400 1905 453 1935 ea
482 1886 734 1951 deincep5‚
789 1885 1053 1934 secundum
1089 1886 1409 1935 Londinensis

87 1955 286 2003 formam
301 1992 314 2017 ,
351 1955 453 2002 sine
480 1972 606 2001 noua
630 1953 890 2002 mutatione
914 1970 1074 2000 recusa
1099 1968 1179 2000 est.

188 2022 373 2070 Eodem
400 2038 554 2078 anno,
599 2024 721 2083 1755
735 2058 751 2080 ‚
786 2034 945 2069 notata
967 2034 1038 2067 est
1058 2019 1207 2068 editio
1232 2021 1410 2069 VERo-

88 2105 457 2153 NEN513,quam
478 2088 701 2152 impensis
723 2090 821 2134 suis
842 2087 1187 2135 Tumermanus
1210 2104 1257 2137 et
1278 2090 1410 2138 Koe-

86 2157 242 2220 nigius
274 2169 590 2221 parauelunt,
635 2154 795 2202 charta
840 2155 948 2201 satis
980 2154 1246 2214 luculenta,
1294 2177 1407 2221 qua-

87 2224 243 2270 tennis.
311 2222 448 2270 Hanc
493 2221 752 2270 editionem
794 2219 1098 2269 Bandinius
1086 2240 1135 2268 1n
1159 2224 1406 2288 Catalogo

87 2289 325 2336 codd.Gr.
338 2291 561 2337 biblioth.
572 2289 910 2337 Laurentianae
934 2288 1048 2334 dicit
1070 2280 1170 2336 esse
1190 2296 1406 2340 omnium
1458 2302 1461 2303 ⁷

77 2359 491 2420 pulcherrimam3
526 2373 628 2403 non
648 2357 793 2413 male,
819 2358 859 2404 si
880 2356 1170 2403 vtilissimam
1189 2362 1405 2408 omnium

85 2423 289 2486 intelligi
318 2425 494 2471 voluit:
531 2438 600 2470 est
624 2423 749 2471 enim
772 2422 993 2470 Hudsoni
1020 2423 1212 2487 repetita
1237 2426 1403 2486 editio,

86 2489 258 2537 additis
300 2488 480 2538 duabus
524 2491 849 2549 versionibus,
908 2490 1091 2537 Gallica
1122 2491 1327 2539 Boilauii
1357 2508 1404 2542 et

86 2556 247 2604 Italica
278 2556 428 2604 Gorii.
495 2556 624 2604 Binis
654 2558 888 2607 columnis
924 2559 1131 2621 positum
1156 2564 1308 2623 ptimo
1334 2575 1403 2607 est

87 2641 210 2688 opus
230 2625 490 2684 Graecum,
527 2622 697 2674 deinde
721 2627 873 2673 versio
901 2624 1064 2673 LuAua
1093 2624 1336 2687 Hudsoni3
1375 2645 1401 2675 e

86 2691 278 2755 regione
324 2706 508 2752 autem,
561 2690 683 2741 binis
716 2692 875 2746 item
885 2691 1144 2757 colunum,
1193 2697 1400 2759 primum
