1752 3118
319 281 398 320 218
443 275 665 320 NOTAE
704 279 784 319 AD
819 279 1026 322 INSCR.
1068 278 1209 322 COD.
1250 281 1459 323 VATIC.
1502 285 1550 325 A.

315 398 419 441 eeat,
431 392 702 444 Apollodori,
723 391 864 451 (quem
884 394 1106 433 Suetonius
1118 394 1212 434 Oct.
1231 396 1294 446 89.
1317 396 1634 451 commemorat)

317 447 556 500 discipulus,
612 449 743 491 Locus
764 450 815 488 de
837 463 885 490 eo
906 450 1101 488 notabilis
1123 457 1183 489 est
1215 451 1429 490 Strabonis
1457 451 1564 500 Xlll,
1593 454 1634 500 4,

318 502 365 543 3:
397 503 610 546 Μάλιστα
632 505 674 546 δὲ
697 506 813 563 ἐξῇρε
836 505 908 546 τόν
929 503 1237 558 Ἀπολλόδωρον
1258 507 1285 555 ἦ
1310 506 1382 546 τοῦ
1403 509 1633 560 Καίσαρος

315 562 442 612 φιλία
463 560 538 602 τοῦ
559 562 799 616 Σεβαστοῦ,
840 560 1096 602 διδάσκαλον
1127 562 1206 604 τῶν
1239 561 1371 616 λόγων
1390 561 1631 617 γενόμενον·

312 617 517 681 μαθητήν
539 616 562 657 δ
570 616 708 668 ’ἴσχεν
729 616 953 668 ἀξιόλογον
983 616 1223 668 Διονύσιον,
1254 618 1326 658 τόν
1349 621 1633 667 ἐπικληθέντα

312 672 500 713 Αττικόν
511 703 525 721 ,
566 675 743 723 πολίτην
759 671 912 714 αὐτοῦ·
953 677 1027 713 καὶ
1049 673 1132 727 γάρ
1157 673 1366 726 σοφιστής
1389 669 1442 723 ἦν
1467 673 1632 722 ἱκανός,

313 732 390 768 καὶ
414 728 715 782 συγγραφεύς,·
742 732 816 769 καὶ
836 727 1120 783 λογογράφος.
1176 728 1283 769 Huic
1315 743 1386 781 ego
1413 730 1632 782 Pergame-

312 796 368 822 no
391 784 615 835 Dionysio,
664 791 712 823 vt
750 785 887 824 minus
915 791 1014 824 noto
1045 785 1265 837 scrIptori,
1302 785 1467 834 malim,
1508 799 1633 837 quam

311 838 393 888 illi,
420 840 574 878 librum
597 855 643 880 π.
663 840 700 880 ὑ.
721 841 941 891 assignare.
998 840 1158 892 Spiritu
1179 841 1290 879 enim
1313 841 1518 892 animique
1550 841 1632 879 im-

311 903 433 947 petu,
472 896 670 935 vniuersa
705 895 904 934 orationis
935 895 1092 944 forma,
1139 897 1367 934 verborum
1398 898 1501 934 artis
1532 910 1633 944 vsu,

309 951 520 1004 variisque
542 951 591 989 de
613 963 755 989 rerum
775 956 924 989 natura
943 950 1131 998 iudiciis,
1161 951 1195 989 si
1214 951 1354 989 dicere
1376 950 1489 1000 licet,
1522 951 1633 1003 quod

311 1007 444 1044 sentio
458 1035 468 1054 ,
499 1007 736 1058 longissime
761 1005 886 1043 distat
905 1006 954 1043 ab
977 1004 1326 1044 Halicarnassensi
1338 1005 1539 1058 Dionysio
1550 1007 1632 1062 „hic

309 1068 475 1109 noster,
505 1062 539 1099 si
560 1075 743 1113 vnquam
763 1060 994 1112 appellatus
1018 1061 1096 1099 suit
1128 1060 1363 1112 Dionysius.
1429 1061 1512 1113 Ego
1537 1062 1633 1113 qui-

311 1116 407 1155 dem
429 1117 585 1156 iudicia
606 1118 797 1155 virorum
830 1115 1048 1155 doctorum
1083 1123 1323 1168 exspectans
1354 1116 1517 1155 nullum
1548 1117 1632 1155 iam

309 1180 473 1211 certum
494 1180 707 1212 auctorem
728 1184 862 1224 pono,
905 1171 977 1209 sed.
1012 1171 1193 1223 primam
1217 1170 1334 1210 illam
1358 1172 1516 1210 Amatii—
1535 1186 1631 1210 sen-

307 1230 484 1267 tentiam
505 1228 754 1281 amplector:
790 1227 966 1266 librario
991 1240 1140 1279 nempe
1165 1227 1288 1266 docto
1324 1233 1533 1266 vetustum
1558 1241 1631 1265 co·-

308 1284 444 1324 dicem
476 1285 691 1336 obtigisse,
730 1283 797 1322 cui
826 1295 981 1321 nomen
1013 1282 1194 1321 auctoris
1224 1295 1310 1320 non
1343 1282 1473 1322 suerit
1504 1296 1629 1335 prae-

307 1340 532 1392 scri-ptum,
572 1339 830 1391 eundemque
859 1349 882 1375 e
915 1352 986 1377 sua
1007 1337 1247 1377 coniectura
1268 1338 1326 1377 sic
1347 1338 1628 1391 inscripsisse:

308 1398 541 1451 Acovvm'o'v
561 1395 590 1445 ἢ
611 1396 842 1449 Λογγίνου.
