1752 3118
263 241 672 294 LONGINIDE
710 240 874 282 SVBL.
913 239 1085 280 SEe'r.
1124 242 1201 285 IX.
1337 252 1396 294 ,29

70 367 198 413 hanc
222 357 567 410 sublimitatem
589 354 713 410 echo
736 351 1082 417 magnitudinis
1103 352 1250 399 animi
1271 370 1395 401 esse:

70 452 200 504 vnde
234 445 481 497 interdum
516 443 747 493 sententia
781 443 884 507 ipsa
904 459 992 505 per
1022 458 1090 502 se,
1124 441 1228 488 sine
1261 459 1398 501 voce,

72 555 269 610 propter
303 538 458 602 ipsam
491 535 666 584 mentis
714 530 1049 590 altitudinem,
1098 529 1397 578 admirabilis

71 646 162 693 est,
196 643 249 677 vt
283 626 450 674 Aiacis
487 625 541 672 iu
577 624 743 690 Necya
779 620 1058 680 silentium,
1094 638 1322 685 magnum
1340 621 1398 667 il-

68 719 160 768 lud
199 733 246 768 et
281 716 415 766 omni
453 715 672 763 oratione
717 711 989 760 sublimius.
1071 708 1200 759 Ante
1236 710 1399 769 omnia

69 827 183 874 ergo
218 806 525 856 sublimitatis
553 820 694 851 causa
718 802 986 852 necessario
1011 801 1061 849 in
1091 801 1253 849 animo
1275 802 1396 848 fun-

71 898 283 949 damenti
304 899 416 946 loco
440 893 667 961 ponenda
693 907 786 952 est:
826 893 1012 958 quippe
1034 893 1279 957 perfectus
1292 910 1398 939 ora-

69 1006 145 1039 tor
190 1007 289 1038 non
330 986 511 1034 humili
546 999 592 1033 et
620 982 852 1031 illiberali
893 983 1054 1030 animo
1104 1000 1205 1031 esse
1241 981 1401 1052 debet.

69 1081 226 1129 Nullo
254 1077 380 1126 enim
401 1075 553 1124 modo
576 1112 589 1133 ,
625 1074 665 1120 si
702 1074 812 1138 quis
845 1073 1028 1137 pusillo
1071 1072 1130 1120 sit
1162 1073 1321 1120 animo
1357 1085 1404 1123 et

71 1168 256 1225 seruili,
293 1182 590 1230 omnemque
610 1164 755 1211 vitam
777 1161 840 1210 ad
865 1162 956 1210 hos
983 1180 1148 1211 sensus
1173 1162 1403 1222 instituat,

71 1257 355 1307 admirabile
378 1252 501 1320 quid
526 1268 572 1303 et
593 1272 680 1319 per
700 1253 861 1300 omnia
884 1267 1104 1318 tempora
1121 1269 1406 1305 mansurum

73 1349 269 1413 gignere
304 1360 491 1411 potest3
543 1343 630 1392 sed
650 1360 820 1392 eorum
842 1341 1044 1391 demum
1072 1342 1226 1390 oratio
1254 1360 1405 1406 gran-

74 1438 148 1485 dis
172 1452 266 1497 est,
304 1435 392 1501 qui
416 1451 616 1498 magnos
642 1450 813 1480 sensus
834 1432 1030 1481 habent.
1100 1432 1230 1497 Ergo
1259 1432 1403 1480 etiam

75 1527 346 1575 sublimitas
373 1525 424 1570 in
459 1541 541 1572 eos
573 1521 729 1583 cadit,
774 1523 864 1588 qui
890 1523 941 1569 in
975 1523 1146 1588 primis
1177 1522 1296 1571 altos
1321 1541 1410 1570 su-

75 1630 217 1664 munt
243 1613 456 1678 spiritus.
535 1610 664 1659 Nam
694 1612 781 1676 qui
813 1611 1154 1674 Parmenioni,
1198 1612 1406 1660 dicenti:

78 1707 324 1772 Equidem
342 1704 714 1766 acquiescerem,
742 1703 803 1759 [si
819 1704 1112 1758 Alexander
1131 1721 1303 1765 essem,
1338 1719 1412 1750 re-

77 1791 278 1858 spondit
294 1827 307 1853 ,
343 1802 390 1839 et
409 1809 500 1854 ego
520 1795 733 1856 quidem,
768 1793 813 1838 si
833 1794 1097 1860 Parmenio
1118 1810 1286 1855 essem,
1311 1809 1410 1841 mae

75 1880 379 1946 gnitudinem
406 1880 557 1927 animi
591 1881 664 1927 sui
689 1879 935 1945 prodidit3
972 1881 1101 1930 sicut
1138 1896 1186 1930 et
1219 1883 1271 1929 in
1303 1882 1410 1944 illo,

78 1981 228 2034 caput
267 1971 504 2018 stabiliuit
527 1973 579 2017 in
613 1974 771 2030 coelo,
808 1980 855 2018 et
898 1974 952 2018 in
989 1981 1126 2019 terra
1158 1975 1412 2034 graditur,

76 2077 304 2122 magnum
326 2059 530 2107 Homeri
550 2059 799 2125 ingenium
824 2060 1038 2119 metitur]
1064 2075 1223 2109 totum
1248 2061 1410 2112 inter-e·

88 2148 272 2195 vallum
302 2168 328 2196 a
350 2164 476 2198 terra
508 2148 569 2196 ad
592 2150 782 2220 caelum
801 2168 972 2216 vsque,
1008 2170 1158 2216 quam
1175 2151 1288 2216 quis
1311 2169 1413 2200 non

81 2238 230 2301 magis
254 2238 442 2301 Eridis,
478 2258 626 2305 quam
655 2239 862 2289 Homeri
903 2259 1181 2289 mensuram
1219 2239 1411 2302 dixeritr

85 2326 265 2375 Differt
288 2345 404 2376 vero
428 2330 487 2376 ab
509 2330 607 2378 hoc
629 2329 921 2381 Hesiodium
942 2331 1069 2378 illud
1091 2313 1154 2380 de
1176 2329 1411 2392 Tristitia,

90 2417 149 2475 (si
172 2416 372 2481 quidem
397 2418 604 2468 Scutum
634 2419 866 2469 Herculis
901 2421 1053 2469 tribui
1085 2421 1128 2469 ei
1156 2426 1336 2486 potest)
1366 2424 1420 2470 E

86 2507 289 2554 naribus
326 2509 429 2553 eius
468 2519 643 2570 guttae
672 2512 1011 2571 destillabant,
1070 2529 1232 2575 neque
1285 2510 1415 2558 enini

88 2596 341 2657 imaginem
364 2596 758 2669 formidolosam,
794 2599 880 2648 sed
915 2600 1031 2649 odio
1069 2600 1264 2664 dignam
1299 2597 1413 2647 τεὼ

1435 715 1464 759 0]

1450 2334 1478 2378 5
