1718 3122
459 278 539 317 AD
573 277 745 317 SECT.
771 277 1021 319 IX.—-XIII.
1315 283 1394 323 641

57 393 250 445 migrasse
269 390 397 439 illud,
424 388 537 442 quod
555 389 750 429 vniuerse
767 389 1030 440 praecipitur
1045 390 1096 429 de
1116 391 1279 442 decoro,
1306 393 1396 432 siue

63 463 159 487 eum
184 462 271 487 non
294 444 696 499 cogitasse,‚ratione
713 443 904 490 deorum,
934 443 986 482 de
1007 458 1069 492 eo,
1095 447 1205 496 quod
1224 448 1288 486 rei
1305 449 1399 487 cui-

56 518 136 556 que
158 511 302 556 aptum
323 509 369 541 et·
385 504 614 551 congruum
638 505 713 539 est.
754 498 846 537 vid.
871 498 955 536 Cic.
973 499 1018 536 in
1040 499 1221 540 Oratore
1242 517 1276 542 c.
1302 514 1395 553 21.,

54 560 127 599 vbi
144 561 316 600 verbum
340 556 442 595 artis
461 554 510 595 τό
528 557 697 608 πρέπον
715 553 847 593 vertit
865 555 1053 594 decorum
1062 582 1078 601 ,
1109 569 1189 607 quo
1214 565 1331 598 recte
1350 559 1395 600 h.

54 615 84 654 1.
105 622 148 654 et
168 614 366 654 Petu-cius
386 617 428 649 et
450 611 707 662 antiquiores
729 610 982 661 interpretes
1005 616 1197 649 Vtuntur.

111 683 177 722 lx.
228 681 269 734 §.
285 679 348 720 14.
379 676 497 717 κατοὲ
515 675 591 726 τήν
611 674 772 731 α’κμήν,
803 688 882 728 pro
902 674 1142 716 Manutiano
1163 691 1204 716 κ.
1224 694 1258 718 τ.
1277 678 1398 720 άπα-

55 737 183 794 κμήν,
210 733 502 787 reponendum
530 745 678 771 censeo
704 745 757 771 ex
780 731 968 770 omnium
992 732 1111 771 codd.
1135 745 1230 772 mss.
1259 741 1301 773 et
1328 736 1400 775 ed.

58 809 94 836 1.
121 791 385 830 auctoritate.
442 789 557 827 sens.
586 787 806 840 magnifica
836 793 979 838 saepe,
1000 788 1088 827 >vbi
1111 789 1164 827 ad
1185 789 1400 842 fastigium

57 853 208 888 euecta
233 846 278 885 in
303 846 394 900 ipso
419 844 659 885 discrimine
684 849 917 892 versantur,
945 856 1080 897 prono
1099 844 1298 884 seruntur
1315 853 1395 885 etc.

1167 921 1170 924 Δ
1302 905 1315 920 1

55 905 116 945 W.
150 903 211 943 fil.

109 971 160 1011 X.
206 969 244 1023 §.
265 981 320 1025 ¹·..
332 967 490 1007 Bastius
501 982 534 1023 ³..
545 995 567 1015 ,‚
579 965 661 1005 Pro
688 965 738 1007 vo*
767 966 850 1029 μὲν
869 994 878 1003 .
898 974 911 1003 .·
930 974 944 1004 ·.
963 964 1011 1008 τό
1039 965 1083 1007 δὲ
1104 967 1149 1006 in
1169 968 1263 1007 cod.
1287 973 1397 1008 scri'-

55 1032 175 1080 ptum
206 1024 231 1065 ὁ
255 1039 332 1080 μεν
358 1054 367 1062 .
382 1053 391 1061 .
409 1052 419 1061 .
441 1022 466 1064 o‘
485 1022 548 1063 δε.·
572 1022 653 1071 sic,
693 1022 800 1061 bims
822 1020 987 1063 lineolis
1009 1035 1136 1075 supra
1158 1038 1188 1064 ε.
1225 1023 1398 1077 Saepius

53 1084 167 1122 hunc
191 1094 311 1119 vsum
333 1078 455 1118 codd.
486 1084 586 1118 vett.
609 1077 842 1117 obseruaui.
873 1078 1081 1118 Videntur
1103 1092 1150 1118 ea
1167 1093 1214 1119 re
1234 1079 1399 1132 signifi-

56 1138 153 1177 care
171 1136 367 1183 voluisse,
389 1136 468 1190 μὲν
491 1140 532 1172 et
554 1133 596 1174 δὲ
613 1134 725 1172 inter
734 1133 1003 1190 sexreferrif‘

110 1193 158 1231 X.
206 1191 297 1246 §.2
328 1190 510 1229 Bastius:
542 1189 671 1239 ‚,God.
695 1192 803 1245 ἐμοῖν
829 1189 1016 1243 καρδίᾶἰν
1041 1193 1084 1232 ἐν
1106 1205 1167 1231 σι’.
1188 1189 1396 1232 ἐπτόᾶσεν

53 1247 163 1303 (sic).
187 1247 340 1286 Lineae
362 1259 487 1298 super
509 1261 540 1286 α
563 1245 712 1284 ductae
733 1245 961 1293 declarant,
984 1247 1187 1299 syllabam
1206 1246 1401 1298 produci.

53 1303 211 1343 Passim
242 1315 314 1341 eae
345 1302 391 1340 in
421 1301 539 1341 codd.
569 1307 670 1340 vett.
703 1300 990 1353 reperiuntur.
1031 1301 1093 1341 Cf.
1124 1315 1260 1341 meam
1281 1304 1398 1342 lettre

57 1363 234 1413 critique
254 1371 297 1411 p.
317 1358 422 1410 47.“
1040 1361 1045 1369 '

111 1426 183 1465 XI.
226 1424 264 1478 §.
278 1438 318 1466 2.
347 1423 444 1463 Post
460 1423 729 1476 parenthesin
741 1437 820 1476 pro
841 1426 1026 1479 γίνοιντο
1044 1425 1207 1477 corrige
1219 1426 1396 1479 γίνοιτο.

110 1491 199 1532 XII.
248 1490 338 1542 §.2.
370 1489 551 1530 Bastius:
578 1490 712 1540 „Cod.
730 1497 846 1530 recte
866 1489 1187 1545 συμπλήρωσις,
1209 1506 1288 1544 pro
1313 1498 1397 1545 quo

54 1549 100 1588 in
122 1548 186 1587 ed.
212 1561 276 1599 pr.
299 1553 435 1585 exstat
460 1545 750 1601 ἑμπλήρωσις,
788 1554 836 1586 vt
865 1553 907 1586 et
923 1546 1054 1596 XVII,
1080 1560 1114 1586 1.
1137 1552 1397 1603 ἐμμαχεῖται

54 1619 133 1657 pro
156 1605 458 1659 συμμαχεῖται.
495 1602 653 1641 Vitium
676 1609 817 1642 ortum
835 1616 889 1642 ex
907 1615 1051 1643 errore
1068 1602 1245 1658 legendi.
1286 1603 1397 1644 Nam

53 1662 101 1698 in
125 1659 245 1698 codd.
268 1671 391 1709 saepe
413 1673 497 1711 συμ
521 1658 721 1697 scribitur
752 1661 864 1714 (..μ,
905 1657 973 1696 cui
992 1658 1128 1711 simile
1146 1665 1207 1698 est
1231 1664 1294 1714 ἐμ.
1345 1660 1396 1698 In

53 1716 250 1767 Apollon.
282 1715 367 1752 lex.
389 1713 510 1751 Hom.
539 1727 579 1751 v.
609 1712 802 1766 Ταύριον
823 1714 939 1768 αἷμα
962 1728 1003 1766 p.
1027 1715 1120 1764 796.
1148 1717 1396 1756 Villoisonus
1420 1711 1421 1714 ¹

51 1771 259 1823 reperisse
282 1768 358 1808 sibi
377 1769 490 1807 visus
514 1775 596 1807 est:
626 1774 724 1822 περὶ
748 1768 831 1823 γάρ
857 1771 1189 1824 Θεμιστοκλέης
1210 1768 1262 1811 οὐ
1281 1770 1398 1811 πᾶσι

54 1825 321 1882 ἑμφώνισται
330 1855 344 1873 ,
375 1838 453 1877 pro
474 1837 557 1876 qua
577 1824 759 1864 lectione
776 1825 994 1878 proposuit
1013 1825 1138 1865 aliam
1158 1839 1244 1867 non
1267 1819 1395 1879 ma'gis

54 1895 264 1935 graecam,
283 1879 562 1936 ἐμφάνισται.
591 1882 646 1918 At
661 1880 752 1919 cod.
764 1879 805 1920 S.
826 1879 889 1930 G.,
908 1880 1022 1937 vnde
1039 1881 1113 1919 ille
1125 1881 1394 1932 Apollonium

55 1936 296 1989 descripsit,
339 1933 666 1990 (,μφώνισται,
690 1935 719 1975 i.
749 1950 785 1974 e.
817 1935 1168 1991 συμφώνισται,
1197 1950 1275 1989 pro
1308 1951 1394 1989 quo

54 1992 346 2044 reponendum
367 1997 428 2029 est
448 1991 798 2044 συμπεφώνηται,
825 1999 908 2041 aut,
926 1997 973 2030 vt
986 1993 1141 2032 Tollius
1159 2006 1200 2044 p.
1213 1992 1308 2031 664.
1322 1991 1396 2040 ‘it-3

53 2049 139 2087 iam
162 2048 316 2086 rectius
337 2046 501 2095 suadet,
543 2050 843 2101 συμφωνεῖται.
872 2047 965 2086 Alio
989 2047 1083 2086 loco
1098 2076 1109 2096 ‚
1138 2061 1178 2100 p.
1197 2048 1264 2088 42.
1301 2049 1393 2090 Vil-

54 2106 233 2143 lotsomae
247 2101 355 2142 illud
388 2103 403 2155 (
411 2129 431 2140 ,
436 2118 468 2156 μ
480 2101 628 2141 habuit
636 2117 715 2155 pro
733 2120 812 2158 αμ,
828 2111 950 2156 atque
966 2102 1066 2142 inde
1081 2104 1257 2143 verbum
1268 2116 1394 2142 mon-

54 2159 133 2198 stri
152 2158 286 2197 simile
306 2157 495 2211 profert,
522 2158 920 2214 ὲπιαμπεπτωκότα.
959 2160 1010 2197 At
1028 2159 1073 2196 in
1090 2159 1199 2199 notis
1222 2158 1394 2213 quidem

54 2214 231 2267 corrigit
248 2213 606 2268 ἐπεμπεπτωκότα
614 2245 629 2263 ,
647 2214 692 2253 in
713 2230 793 2268 quo
806 2223 847 2255 et
861 2214 1021 2255 Tollius
1032 2213 1201 2254 videtur
1219 2214 1391 2266 acquie-

54 2271 175 2310 visse.
217 2270 301 2309 Sed
329 2270 422 2308 cod.
454 2270 582 2309 habet
612 2269 1076 2327 ἐπισυμπεπτωκότα,
1106 2270 1217 2323 quod
1236 2277 1299 2310 est
1318 2283 1394 2313 re-,

55 2326 345 2379 ponendum.“
377 2324 468 2365 vid.
487 2324 671 2366 Fischer.
690 2328 742 2367 ad
751 2328 876 2367 Well.
896 2326 970 2377 111,
990 2339 1032 2365 2.
1055 2341 1097 2379 p.
1112 2327 1201 2366 146.

112 2391 199 2431 XII.
247 2393 285 2447 §.
303 2393 342 2430 4.
381 2395 426 2432 ἐν
448 2391 563 2443 αὐτῷ’
585 2397 671 2432 non
700 2401 777 2433 est:
818 2397 865 2434 in
895 2394 1030 2434 eodem
1058 2395 1171 2442 Ioco;
1207 2393 1253 2432 id
1278 2392 1391 2431 enim

57 2455 164 2486 esset
183 2453 226 2489 ἐν
245 2447 395 2497 ταύτῷ.
421 2447 504 2488 Sed
524 2448 605 2488 hoc
620 2449 725 2490 dicit
743 2449 947 2503 Longinus
959 2479 970 2498 ,
999 2449 1211 2488 Ciceronis
1230 2449 1391 2487 oratio-

56 2516 154 2542 nem
183 2504 363 2543 incendii
393 2504 524 2543 instar
545 2505 718 2546 subinde
745 2506 888 2559 augeri
908 2513 1031 2558 atque
1068 2508 1114 2545 in
1129 2513 1251 2544 semet
1269 2519 1301 2541 s.
1321 2507 1392 2542 in-

58 2567 175 2599 terna
191 2564 230 2598 νι·
248 2560 330 2598 huc
347 2559 451 2597 illuc
472 2560 606 2600 diuidi
626 2575 673 2600 ac
691 2561 875 2603 diffundi.
903 2562 991 2601 Nec
1009 2569 1149 2602 tamen
1164 2566 1390 2612 propterea

56 2614 277 2666 legendum
299 2615 493 2665 «ἑκ-αὑτῷ.
524 2617 586 2656 W.
606 2616 665 2655 fil.

34 2717 35 2757 ἢ
114 2670 218 2710 ΧΠΙ.
272 2671 369 2729 §.⁸20
409 2677 486 2713 καὶ
518 2671 666 2715 τούτου
694 2675 757 2730 γε]
798 2650 905 2726 Lege
938 2677 1092 2770 noeis-ys
1120 2670 1293 2720 τούτου,
1326 2670 1386 2714 ,01)

34 2762 36 2766 ,
1046 2745 1063 2768 s
