1752 3118
328 266 437 320 320>
589 276 815 319 No-TAE
842 277 926 317 AD
960 277 1329 321 DE-SVBLIM.

327 392 484 433 (2011101-
502 391 625 430 etiam
646 389 836 443 Emipid.
845 389 1067 430 Heraclid.
1088 393 1181 442 298.
1234 392 1429 433 Ceterum
1449 395 1561 435 1111110
1581 399 1652 437 lo..

329 463 424 487 eum
444 446 748 495 Demosthenis,
777 447 848 497 qm·
865 446 1043 484 illustris
1069 454 1147 495 est,
1171 446 1355 486 imitatus
1375 451 1542 490 videtur
1566 453 1651 492 He-

326 504 512 543 liodorus
532 502 722 553 Aethiop.
738 501 809 539 lib.
835 501 866 539 1.
888 514 929 566 p.
951 500 1019 540 46.
1048 476 1147 542 Kaz'
1163 498 1204 542 τί
1233 503 1380 555 γένοιτ
1410 522 1486 554 αν,
1515 507 1597 558 ἔφη
1626 508 1652 549 ὁ

327 560 557 614 Θεαγένης,
587 555 857 608 καινότερον,
883 555 913 604 ἦ
932 559 973 596 τί
990 555 1343 612 άθεμιστότερον,
1373 559 1402 608 ἢ
1420 557 1556 612 ὅρκων
1572 566 1651 617 μὲν

323 619 402 656 καὶ
425 609 619 656 σπονδῶν
637 614 1051 678 παραβαινομένων,
1081 615 1342 682 Χαρικλείας
1378 615 1422 654 δὲ
1448 608 1585 666 λήθην
1607 624 1650 659 ὲ-

323 670 412 727 μοῦ
429 669 667 724 λαβούσης,
698 671 808 707 aaz.
794 680 903 731 προς
923 666 1058 708 ἄλλων
1080 667 1244 722 γάμους
1265 670 1544 734 ἐπινευούσης.
1572 675 1651 713 Vbi

321 727 506 771 notanda
526 724 696 772 locutio,
715 722 962 774 καινότερον
979 722 1008 771 ’ἢ
1026 719 1176 776 ὅρκων.
1205 724 1256 770 de
1276 739 1356 776 qua
1373 738 1449 764 nos
1467 727 1513 765 in
1522 727 1652 781 Epist.

322 783 376 821 ad
400 784 453 821 01.
474 782 663 821 Warton.
677 793 718 831 p.
740 778 837 816 334.
863 778 1064 818 Tovmvs.

404 840 498 879 Καὶ
519 835 902 887 παλιν,11λέωμεν
923 836 993 873 ἐπὶ
1013 834 1099 885 Μ]
1130 834 1452 876 Demosthenis·
1439 853 1529 907 ipsa
1545 853 1649 878 ver-

320 894 375 933 ba
395 907 436 945 p
454 892 522 930 43.
544 896 641 928 sunt
659 889 798 940 potius
815 888 940 926 haec:
974 887 1061 927 Οὐκ
1080 890 1378 945 ἐκβησόμεθα,·
1409 892 1484 934 οὐκ
1509 894 1650 949 ἔξιμεν

319 948 444 990 αὐτοὶ
461 950 580 1001 μέρει
596 948 648 998 γε’
670 959 754 984 τινι
785 944 1062 1013 στρατιωτῶν.
1078 950 1250 987 οἰκείων
1283 946 1378 996 νῦν,
1411 955 1450 989 εἰ
1482 954 1558 990 καὶ
1585 967 1648 1005 μη

321 1003 550 1055 πρότερον,·
579 999 664 1040 οὐκ
675 1003 746 1040 ἐπὶ
761 1013 837 1047 την
855 1000 1015 1039 ἐκείνου
1038 1001 1367 1056 πλευσούμεθα,·
1397 1008 1478 1045 ποῖ
1498 1004 1550 1054 δή
1573 1020 1648 1059 πρ.

320 1056 634 1097 0108101111οι-
671 1055 800 1108 igitur
832 1053 1040 1106 Longinus
1072 1069 1242 1096 sensum
1279 1059 1421 1110 posuit
1458 1062 1649 1113 priorum

318 1128 567 1179 πυσματων.

406 1170 476 1221 ἥρε
459 1167 522 1209 ετό
544 1167 622 1220 τις]
648 1166 848 1206 vertunt:
876 1173 1078 1223 (quaerat,
1098 1169 1184 1219 vel)
1204 1170 1353 1210 dixerit
1370 1173 1528 1225 aliquis.
1564 1172 1649 1211 Sed
1681 1218 1684 1221 ,

316 1227 401 1267 1100
436 1231 542 1264 esset
575 1222 698 1277 ἔροιτ’
727 1221 783 1264 ἄν
816 1239 876 1267 τις
945 1199 1093 1263 Facilis
1122 1232 1228 1264 esset
1262 1227 1436 1265 mutatio
1475 1228 1519 1265 in
1539 1227 1649 1280 ἤρετ’-

316 1283 376 1324 ἄν
395 1296 472 1325 τιςε
502 1279 574 1318 sed
594 1280 675 1318 hoc
694 1254 945 1317 vertendum
967 1287 1073 1318 esset
1095 1282 1262 1320 dixisset
1295 1281 1385 1335 (vel
1417 1283 1547 1322 dicere
1564 1298 1647 1337 po-

318 1337 482 1391 τιυὶ-εει)
498 1337 555 1374 ali
583 1338 660 1374 uis.
717 1333 828 1380 Quid
845 1335 977 1386 ergo?
1004 1334 1109 1374 Mihi
1133 1337 1194 1374 sic
1225 1338 1489 1376 statuendum
1520 1339 1645 1377 vide-

315 1401 411 1441 tur,
446 1398 540 1444 post
598 1404 664 1429 am
687 1389 737 1427 D.
754 1390 830 1427 illa
850 1391 1287 1442 quaesiuerat‚ve1e,
1310 1399 1358 1431 vt
1389 1392 1460 1431 1110
1492 1407 1645 1432 narra-

315 1457 412 1498 tur,
441 1448 648 1498 aliquem,
675 1452 747 1484 aut
762 1445 905 1496 plures
925 1450 1051 1501 (nam
1060 1445 1126 1500 ἥρ.
1144 1463 1206 1491 τις
1223 1454 1361 1499 potest
1380 1461 1480 1500 esse,
1499 1451 1647 1503 fiagte

317 1503 462 1559 man)
449 1517 495 1541 m
513 1502 712 1540 concione
733 1501 830 1539 satis
849 1501 935 1541 alta
958 1515 1087 1549 voce,
1110 1509 1158 1541 vt
1189 1504 1239 1541 ab
1263 1510 1431 1543 oratore
1451 1505 1645 1543 exaudiri

314 1567 470 1613 posset,
499 1557 778 1611 quaesiuisse,
782 1560 870 1596 ποῖ’
878 1556 930 1606 δὴ
951 1557 1363 1621 προσορμιούαεθα.
1358 1561 1376 1589 9
1404 1559 1518 1598 hoc·
1506 1574 1643 1612 ipsum

316 1624 460 1655 autem
486 1613 629 1652 altiori
649 1613 774 1651 etiam
792 1625 898 1650 voce
921 1614 1148 1664 repetitum
1175 1628 1262 1652 esse
1295 1629 1319 1652 a
1350 1614 1644 1663 Demosthene,

315 1678 364 1710 vt
380 1673 430 1710 ab
453 1670 643 1708 omnibus
670 1674 811 1720 posset
843 1668 1045 1707 exaudiri.
1099 1669 1319 1721 Singulare
1348 1669 1429 1709 hoc
1460 1677 1545 1719 est,
1572 1671 1641 1708 sa-

313 1735 428 1775 te0r3
458 1725 530 1764 sed
553 1731 693 1763 tamen
712 1736 799 1761 non
827 1723 1054 1764 absurdum
1075 1731 1147 1762 aut
1170 1739 1194 1762 a
1223 1725 1393 1763 licentia
1428 1700 1641 1764 concionis

314 1783 520 1821 alienum:
546 1787 587 1818 et
609 1778 768 1817 ver·ba
755 1791 858 1830 ipsa
863 1779 972 1817 1111111
994 1779 1107 1817 aliud
1136 1781 1418 1831 suppeditant.

398 1835 561 1891 εὑρήσει
576 1851 628 1875 τα
649 1849 709 1874 σ..
747 1834 804 1874 ,ὁ
825 1833 1023 1889 πόλεμος]
1053 1835 1272 1887 Quidquid
1293 1839 1481 1875 titiosum
1492 1841 1532 1873 et
1550 1850 1643 1878 ma-

313 1896 353 1933 le
369 1908 515 1933 sanum
541 1892 614 1940 sit,
649 1888 818 1942 σαθρόν
842 1898 996 1929 vocant
1029 1890 1190 1928 Graeci.
1247 1890 1432 1930 Demost.
1461 1890 1641 1942 Olynth.

311 1950 361 1990 11.
381 1964 420 2002 p.
442 1962 478 2001 7.
496 1944 662 2013 Ὠσπερ
685 1960 768 2000 γαρ
798 1950 842 1987 ἐν
860 1950 949 1989 τοῖς
979 1945 1176 1999 σώμασιν
1203 1945 1349 2000 ἡμῶν,
1379 1943 1453 1989 ε’ως
1477 1949 1584 2011 μὲν
1582 1946 1640 1988 ἂν

312 2006 547 2060 ἐρὁμένος
573 1998 604 2059 ’ᾗ
620 2018 704 2051 τις,
743 1999 862 2043 οὐδὲν
890 2001 1128 2042 ἐπαισθανε
1131 2018 1202 2042 ται
1234 2002 1314 2043 τῶν
1343 2001 1445 2042 καθ
1477 1998 1638 2042 ἕκαστα

314 2060 594 2102 Σ1ΘΡΩΝ·
621 2057 731 2099 ἑποὶν
750 2057 793 2097 δὲ
813 2056 1089 2127 οἷῤῥώστημα”
1089 2074 1130 2097 τι
1150 2057 1313 2114 συμβῆ,
1344 2056 1488 2099 πάντα
1505 2062 1638 2099 κινεῖ-

312 2133 400 2167 ται,
420 2115 501 2157 κάν
519 2114 677 2168 ῥῆγμα,
690 2113 773 2154 κᾶν
795 2117 1003 2168 στρέμμα,
1032 2113 1114 2154 κᾶν
1135 2114 1236 2154 ἄλλο
1256 2130 1296 2154 τι
1315 2113 1396 2154 τῶν
1414 2112 1637 2166 ὑπαρχόν-

312 2189 395 2214 των
416 2165 713 2212 ΣΑΘΡΟΝ
682 2186 749 2227 ⁷!-
757 2171 919 2218 Quem
940 2170 1082 2208 locum
1111 2176 1205 2208 ante
1234 2169 1375 2208 oeulos
1392 2169 1537 2208 habuit
1562 2169 1636 2208 Io.-

312 2242 355 2266 se
359 2228 466 2280 phus
482 2227 584 2266 Bell.
598 2227 685 2266 lud.
691 2216 777 2265 '.lib
803 2225 841 2264 6.
857 2239 899 2277 p.
921 2225 1013 2276 392.
1042 2225 1115 2263 Ed.
1140 2225 1316 2263 Hauerc.
1334 2238 1411 2263 nec
1432 2238 1516 2263 non
1537 2224 1638 2263 Plu-

309 2283 481 2322 tar-chus
503 2284 553 2320 de
575 2282 695 2320 Adul.
712 2295 756 2333 p.
765 2281 840 2332 69.
870 2280 1024 2318 Consei
1040 2281 1165 2319 etiam
1186 2280 1398 2319 Demosth.
1418 2294 1458 2332 p.
1479 2279 1544 2319 66.
1563 2280 1637 2319 vbi

314 2338 460 2376 eadem
485 2338 727 2401 leguntur.
749 2336 920 2387 Dionys.
942 2335 1154 2374 Halicarn.
1175 2336 1313 2388 Antiq.
1332 2335 1448 2374 Rom.
1473 2336 1544 2385 XI,
1567 2348 1634 2374 20.

303 2396 407 2435 Καὶ
426 2393 559 2433 ταῦτα
586 2388 762 2433 ἅπαντα
797 2391 1162 2447 διαπραξάμενος,
1189 2396 1265 2431 καὶ
1294 2394 1332 2432 εἴ
1358 2407 1399 2431 τι
1423 2395 1499 2431 καὶ
1530 2391 1632 2431 ἄλλο

314 2449 569 2490 ΣΑΘΡΟΝ
583 2442 636 2496 ἦν
656 2447 728 2496 τῆς
749 2450 963 2491 πολιτείας
984 2446 1416 2502 ἐπανορθωσάμενος,
1447 2446 1536 2487 οἷπε
1526 2450 1633 2487 ’ὕετο

312 2521 391 2549 τας
421 2503 617 2559 ῥαβδους.
673 2503 780 2541 Hinc
809 2506 977 2556 σαυρον
1010 2506 1280 2557 φθέγγεσθαι
1306 2506 1450 2543 viciam
1477 2517 1631 2542 sonare.
1652 2506 1659 2514 ”’

311 2561 363 2598 (10
384 2574 463 2613 quo
485 2561 537 2599 cl.
566 2559 826 2597 casaubonus
857 2559 907 2597 ad
928 2559 1111 2598 Persium
1131 2560 1196 2608 111,
1217 2572 1281 2598 21.
1320 2558 1556 2597 Damascius
1585 2558 1633 2595 111

311 2616 386 2654 vit.
408 2612 560 2654 Isidori
578 2614 687 2666 apud
704 2613 909 2656 Photium
924 2629 964 2666 p.
995 2616 1110 2654 1036.
1130 2610 1210 2656 Ην
1245 2615 1288 2654 δὲ
1305 2613 1455 2658 ἱκανος
1473 2613 1631 2661 διϊδεῖι,
1647 2663 1651 2666 μ

310 2666 397 2720 ὅπη
426 2686 467 2714 τε
493 2670 745 2719 ΣΛΘΡΟΝ
766 2670 1123 2715 ΦΘΕΓΓΕΤΑΙ
1146 2670 1171 2712 o‘
1196 2669 1258 2739 λό
1244 2674 1338 2726 yos,
1367 2674 1443 2710 καὶ
1471 2665 1557 2719 ὅπη
1581 2668 1630 2710 ὑ-
