1752 3118
308 314 388 362 IN
422 308 736 359 FRONTE
770 308 1125 357 LONGINI.
1246 331 1395 362 CLXIX

78 440 184 487 cula
205 437 263 487 ad
284 436 528 499 antiquum
550 450 757 480 marmor
776 450 992 497 expressa
1017 448 1062 480 et
1092 434 1234 481 fronti
1258 455 1398 499 prae-

73 509 165 553 fixa
194 504 502 569 significatum
534 518 634 548 esse
661 500 949 576 putabimus..
1024 499 1201 547 Fausto
1234 502 1395 565 igitur,

78 571 209 638 quod
238 582 474 644 superest,
531 567 689 614 omino
723 567 1062 631 prosequimur
1087 566 1262 614 librum
1299 570 1398 615 So—

76 657 171 687 8101
176 655 254 684 um
276 636 461 713 pumice
483 632 716 680 mundum
744 648 790 681 et
810 634 906 680 iam
922 650 948 681 e
971 632 1139 681 nidulo
1161 651 1248 681 suo
1273 652 1397 683 euo-

73 707 169 754 lare
192 703 485 767 cupientem:

183 792 201 831 1
224 793 350 839 bone,
388 804 469 842 quo
498 789 634 829 virtus
659 794 733 828 tua
758 796 802 828 te
830 796 973 838 vocat,
1001 790 1017 828 i
1046 789 1151 841 pede
1180 789 1340 828 fausto!

75 869 222 928 Quod
262 869 302 917 si
338 868 422 933 qui
462 881 594 928 sunt,
645 868 728 931 qui
759 868 879 916 haec
913 883 1069 916 vetera
1109 865 1244 915 ἕωλα
1291 884 1394 914 esse

72 938 315 987 clamitent
335 949 381 982 et
399 934 458 982 ad
478 935 683 1000 palatum
703 952 838 982 suurn
855 935 1009 982 facere
1030 949 1227 997 negent,
1263 952 1395 982 noua

71 1006 328 1054 verborum
355 1002 785 1066 sententiarumque
812 1015 1055 1065 pontenta,
1082 1002 1254 1067 quibus
1284 1019 1396 1066 per-

73 1084 287 1135 suepunt
308 1068 558 1116 cathedtae
582 1067 990 1133 Philosophorum
1022 1066 1320 1132 quorundam
1345 1082 1394 1116 et

73 1156 160 1186 suo
185 1151 230 1184 et
249 1136 402 1184 alieno
426 1137 525 1183 otio
547 1134 883 1182 abundantium
897 1172 910 1197 ‚
947 1135 1082 1183 vnice
1103 1135 1392 1200 amplectan-

71 1220 149 1253 tur
183 1205 637 1279 exosculenturque‚
682 1203 896 1260 valeant,
931 1212 1179 1249 vescantur
1211 1201 1391 1263 glandi-

71 1272 162 1318 bus
194 1269 320 1330 suis,
358 1283 405 1317 et
433 1267 523 1314 sihi
556 1284 751 1331 quoque
783 1266 965 1314 dictum
993 1282 1160 1350 putent
1186 1268 1393 1332 Longini

73 1337 227 1384 nostri
274 1335 491 1383 verbum:
537 1333 773 1398 Χαιρέτω
819 1332 1026 1391 &nab-og,
1078 1331 1154 1392 οἷς
1193 1333 1389 1398 ἥδεται.

70 1403 256 1451 Dabam
286 1400 502 1449 Dresdae
537 1401 661 1465 prid.
688 1399 885 1450 Calend.
910 1402 1058 1465 April.
1073 1400 1391 1450 MDCCCIX.

206 1536 327 1583 Cum
353 1536 443 1583 iam
465 1535 516 1581 in
544 1551 602 1582 eo
635 1551 781 1582 essem
798 1571 812 1596 ,
846 1548 896 1583 vt
926 1535 1137 1599 plagulas
1161 1535 1244 1583 has
1273 1536 1395 1582 cala-

70 1620 150 1651 mo
178 1602 436 1667 exscriptas
458 1602 695 1648 mitterem
722 1601 783 1649 ad
808 1602 1186 1666 typographum,
1226 1620 1395 1666 percu-

66 1671 124 1718 lit
150 1687 226 1716 me
251 1668 629 1716 luctuosissimus
656 1666 715 1714 de
739 1682 894 1715 morte
920 1668 1173 1716 immatura
1194 1669 1400 1716 Weiskii

67 1735 219 1784 nostri
250 1735 453 1782 nuntius.
525 1739 655 1796 Ergo
685 1732 984 1782 defraudauit
1018 1735 1157 1783 illum
1170 1735 1222 1782 ,Ε
1228 1737 1290 1782 ati
1323 1737 1396 1781 in·-

68 1803 195 1852 vidia
218 1803 377 1850 fructu
408 1819 579 1865 operae
597 1802 818 1865 Longino
838 1818 926 1849 suo
951 1802 1188 1866 impensae
1220 1801 1395 1849 duleis-

68 1871 201 1917 simo.
271 1868 581 1932 Profligatum
603 1868 724 1916 vidit
751 1869 950 1924 librum,
986 1887 1083 1916 non
1109 1871 1291 1933 penitus
1317 1871 1396 1926 ab·

68 1937 305 1993 solutum,
343 1953 632 2000 quamquam
661 1934 858 1983 editoris
891 1937 1049 1982 officio
1083 1937 1174 1983 iam
1205 1938 1394 2002 penitus

0 2023 1 2043 1
68 2005 341 2068 perfunctus
389 2020 439 2049 se
482 2020 679 2067 pensum
719 2020 856 2064 suum
905 2003 1152 2067 perfecisse
1202 2004 1397 2066 gloriari

0 2074 1 2086 ¹
74 2070 226 2134 potuit
254 2076 358 2117 ante
382 2070 583 2118 obitum.
648 2069 791 2116 Plura
821 2068 881 2115 de
905 2070 1082 2116 meritis
1108 2072 1203 2120 τοῦ
1221 2089 1396 2132 μακα-

69 2136 215 2200 ρίτου
239 2138 499 2200 loquutur-o
518 2136 660 2184 dolor
682 2135 1023 2200 impedimento
1051 2140 1122 2183 est
1143 2138 1301 2183 subito
1325 2138 1396 2182 in-

71 2220 360 2267 grauescens.
422 2203 467 2251 N
471 2222 534 2251 on
554 2202 804 2250 illaudatus
824 2217 980 2250 tamen
1000 2204 1152 2250 abibis
1167 2242 1179 2264 ‚
1217 2203 1395 2250 doctis-

71 2271 185 2317 sime
203 2273 279 2317 W
274 2273 390 2317 eiski
398 2273 414 2318 Ι
449 2271 672 2328 Strenue,
710 2287 853 2333 quem
875 2272 1067 2319 fortuna
1084 2272 1171 2318 tibi
1187 2270 1396 2333 dederat,

74 2354 263 2384 cursum
286 2338 517 2407 peregisti.
554 2338 601 2385 S.
625 2337 683 2384 T.
705 2336 763 2385 T.
782 2337 833 2383 L.
