1752 3118
220 265 226 270 -
265 235 559 281 LONGIM·
588 233 672 276 DE
713 234 889 278 SVBL.
926 234 1100 278 SECT.
1140 240 1192 278 Χ.
1217 241 1286 281 Xl.
1378 245 1451 297 47‘

118 354 400 421 glutinatam
433 349 498 398 ita
532 348 776 408 inferunt,
819 360 871 396 vt
903 366 1004 397 non
1038 348 1130 398 nisi
1174 353 1433 405 coniuncta

119 445 415 511 cohaereant.
461 487 464 490 .
676 489 682 496 ,
900 494 905 500 x

598 526 810 577 SECT.
844 526 936 578 XI.

116 600 258 672 Cum
293 617 552 670 virtutibus
589 619 834 677 orationis,
854 617 1088 675 hactenus
1127 618 1352 685 expositis
1375 605 1436 672 ea

110 715 252 767 etiam
290 711 547 772 cohaeret,
587 727 737 776 quam
781 693 1196 772 exaggerationem
1243 708 1433 773 dicunt,

109 823 226 855 cum
261 803 364 851 aliis
400 816 545 866 atque
571 798 676 847 aliis
713 798 945 864 deinceps
984 798 1289 847 cumulandis
1325 801 1432 865 (ha-

104 896 190 944 het
235 893 360 942 enim
407 891 655 958 quaelibet
696 907 779 937 res*
822 904 869 938 et
918 906 1058 937 causa
1102 890 1255 938 multa
1305 891 1432 954 loca,

105 985 190 1034 vbi
223 983 441 1048 incipere
478 995 524 1028 et
570 980 823 1045 quiescere
867 997 956 1044 per
999 978 1256 1031 interualla
1298 981 1433 1041 licet)

103 1070 470 1141 progrediendo
517 1068 799 1134 magnitudo
850 1068 1066 1117 efficitur.
1157 1066 1271 1118 Hoc
1329 1071 1433 1121 siue

101 1165 216 1213 loco
249 1159 502 1211 communi
535 1157 807 1235 tractando,
843 1159 947 1206 siue
968 1158 1282 1207 vehementer
1319 1160 1434 1208 dis-

1471 1086 1498 1117 2

100 1252 348 1321 putando,
399 1250 503 1298 siue
539 1249 686 1297 rebus
738 1262 820 1296 aut
863 1247 1157 1312 argumentis
1200 1248 1433 1298 munien-
1470 1268 1476 1274 ’

103 1344 202 1405 dis,
238 1344 340 1391 siue
374 1340 509 1389 factis
546 1353 594 1387 et
637 1336 908 1407 adfectibus
951 1338 1003 1386 in
1051 1338 1221 1388 classes
1256 1337 1431 1387 distri-

100 1431 312 1488 buendis
345 1431 451 1491 fiat,
484 1431 623 1491 (sunt
658 1427 787 1475 enim
819 1427 1065 1493 permulta
1103 1429 1429 1494 exaggeratio-

104 1522 180 1569 nis
216 1518 409 1585 genera)
442 1534 584 1565 nosse
618 1530 778 1564 tamen
813 1530 1054 1564 oratorem
1090 1533 1308 1583 oportet,
1354 1519 1428 1567 ni.

101 1611 178 1659 hil
223 1610 405 1657 horum
447 1624 537 1672 per
571 1623 621 1655 se
666 1606 782 1669 sinex
815 1606 1109 1655 sublimitate
1154 1609 1427 1673 perfectum

103 1718 230 1760 esse,
275 1711 615 1765 praeterquam
657 1696 710 1743 in
755 1695 1176 1746 commiseratione
1238 1717 1425 1747 rerum-

84 1807 199 1856 que
233 1788 590 1838 extenuatione.
662 1785 848 1835 Ceteris
883 1801 1045 1836 autem
1080 1787 1327 1852 augendae
1356 1788 1427 1837 rei

103 1878 361 1945 generibus
396 1877 436 1925 si
473 1876 735 1926 detraxeris
770 1876 1147 1940 sublimitatem,
1180 1867 1333 1925 veluti
1357 1877 1426 1926 vi·-

100 1985 199 2018 tam
234 1984 442 2032 corpore
479 1966 722 2017 exemeris.
791 1965 920 2015 Nam
958 1986 1129 2018 eorum
1164 1965 1424 2035 Vehemen-

101 2060 188 2121 tia‚
222 2057 357 2105 nulla
389 2056 683 2104 sublimitate
718 2057 958 2121 roborata,
993 2058 1177 2104 laxatur
1211 2073 1424 2105 merum-

98 2164 198 2212 que
243 2160 486 2194 tumorem
534 2144 780 2211 relinquit.
884 2145 999 2203 Quo
1043 2162 1206 2196 autem
1251 2145 1419 2211 modo,

101 2255 226 2302 quae
261 2254 390 2283 nunc
425 2234 674 2297 dicentur-3
721 2255 747 2283 a
793 2237 1129 2302 superioribus
1181 2236 1418 2299 differant,

99 2326 346 2391 (agebatur
368 2326 494 2374 enim
515 2326 601 2375 illo
631 2325 745 2373 loco
774 2324 835 2374 de
857 2326 1186 2390 eminentium⁴
1209 2327 1418 2388 delectu,

99 2416 214 2465 etin
237 2433 388 2463 vnum
414 2433 590 2482 corpus
626 2417 1058 2480 coagmentatione)
1091 2433 1136 2468 et
1168 2418 1292 2485 quid
1314 2436 1417 2466 om-

97 2507 214 2553 nino
241 2506 506 2554 sublimitas
531 2507 590 2554 ab
617 2508 977 2571 exaggeratione
1010 2508 1176 2571 distet,
1221 2509 1416 2576 perspi-

98 2595 283 2644 cuitatis
303 2613 441 2645 causa
462 2596 679 2646 breuiter
700 2595 941 2649 definiam.

1458 2159 1486 2176 F*

1455 2173 1483 2204 O
