1752 3118
322 285 403 333 223
598 277 823 319 NOTAE
868 262 954 319 AD
998 277 1075 318 DE
1114 251 1362 321 svss'L1M.

326 395 532 444 Quoniam
559 392 744 445 Toupius
767 391 820 431 nd
837 392 879 431 h.
898 392 928 431 1.
956 393 1064 431 nihil
1082 393 1166 430 nisi
1187 393 1237 430 de
1266 406 1312 430 re
1343 395 1506 434 monuit
1533 396 1643 434 tiro-

324 449 587 503 nibusjhodie
610 455 728 496 nota,
766 447 997 486 Wakefield
1018 449 1061 485 in
1080 449 1181 487 Silv.
1207 449 1308 487 (trit.
1330 450 1373 489 P.
1394 451 1422 489 l.
1443 465 1483 502 p.
1504 464 1564 502 ¹7·
1577 459 1644 489 ta·-

327 509 409 547 cita
430 504 723 558 significatione
743 516 836 542 eum
854 504 1138 555 reprehendit.
1193 504 1353 555 Nempe
1373 506 1509 543 allatis
1535 506 1644 544 Lon—

324 563 410 616 gini
438 561 576 600 verbis
609 559 734 597 dicit:
786 558 878 607 „Ita
909 559 1069 597 scilicet
1097 560 1232 597 solent
1254 560 1376 611 probi
1416 561 1643 612 scriptores

285 618 289 624 ”
324 618 562 670 exprimere
588 616 833 654 vehementes
863 621 905 653 et
928 614 1081 653 subitos
1099 615 1288 663 affectus3
1319 616 1430 666 quod
1452 618 1643 667 magnum

322 674 360 713 T
362 673 534 724 oupium
572 683 658 708 non
699 670 794 708 satis
831 676 1097 721 perspectum
1124 669 1314 708 habuisse
1345 672 1451 709 serio
1488 671 1642 709 dolet.“

321 729 385 768 De
406 735 595 778 tempore
613 726 702 773 illo,
731 725 842 776 quod
859 724 1061 777 ἀόριστον
1088 725 1256 773 dicitur,
1286 732 1449 764 tantum
1481 727 1642 772 addam,

323 798 417 823 cum
430 782 600 834 proprie
618 781 671 819 sit
681 781 967 832 praeteritum,
990 794 1038 818 ac
1059 782 1343 819 tantummodo
1366 782 1642 819 distinctionis

318 839 450 892 gratia
469 849 622 875 nomen
640 837 689 874 ab
710 848 793 877 vsu⁴
815 836 950 874 minus
969 836 1181 887 frequenti
1201 837 1431 887 acceperit,
1469 837 1513 874 in
1535 837 1641 874 locis

320 908 444 947 quam
478 891 695 943 plurimis,
731 903 834 941 quae
861 891 941 939 sic,
989 897 1035 928 vt
1065 891 1244 928 ostendit
1280 891 1463 943 Toupius
1476 922 1486 941 ‚
1531 893 1641 929 verti

321 950 480 996 solent,
508 946 727 998 praeteriti
743 945 949 996 quandam
966 945 1053 983 vim
1067 946 1204 982 verbis
1220 959 1389 984 manere
1404 963 1413 995 3
1443 961 1528 996 non
1550 961 1641 984 eam

320 1004 506 1056 quidem,
535 1014 637 1052 quae
657 1000 856 1038 historice
873 1013 965 1038 rem
984 1000 1137 1038 factam
1169 1007 1211 1038 et
1231 1008 1482 1040 transactam
1514 1003 1641 1053 signi-

320 1060 429 1106 ficet,
458 1057 531 1095 sed
550 1068 655 1107 quae
672 1055 841 1103 innuat,
858 1057 958 1105 fleri
977 1063 1016 1093 et
1025 1056 1132 1106 sore,
1173 1064 1217 1093 vt
1230 1056 1352 1108 qua'm
1374 1059 1572 1096 celerrime
1602 1065 1642 1095 et

321 1116 508 1168 opinione
535 1114 656 1150 citius
681 1113 943 1164 praeterierit.
1012 1110 1154 1162 Itaque
1177 1110 1218 1150 h.
1238 1112 1267 1149 1.
1293 1112 1547 1163 significatur
1572 1113 1639 1151 in—

319 1168 532 1211 credibilis
543 1166 619 1204 illa
634 1165 823 1204 fulminis
844 1166 1050 1215 celeritas,
1066 1180 1240 1216 quanon
1260 1173 1344 1205 tam
1365 1169 1636 1216 ddsliciantur,

316 1238 440 1276 quam
473 1224 644 1263 disiecta
665 1225 902 1261 euanuen'nt
926 1234 1104 1272 corpora
1125 1223 1174 1259 ab
1194 1236 1241 1259 eo
1258 1229 1384 1264 tacta.
1431 1223 1469 1261 N
1473 1237 1519 1260 ec
1536 1237 1639 1261 vero

317 1280 495 1318 aoristus
519 1292 535 1316 1
563 1278 672 1316 solus
692 1277 799 1316 hanc
822 1278 908 1315 vim
925 1276 1061 1325 habet,
1091 1277 1164 1314 sed
1184 1284 1226 1315 et
1242 1278 1405 1329 reliqua
1431 1279 1639 1330 praeteri-

315 1341 361 1373 ta
375 1364 386 1383 ‚
415 1341 460 1372 vt
483 1347 546 1383 17,
567 1345 604 1372 2.
627 1333 766 1372 δέδυκε
785 1339 826 1370 et
846 1336 1107 1386 ἐκπέφευγεν.
1164 1333 1256 1370 Alia
1277 1347 1329 1371 ex
1349 1334 1438 1371 aliis
1458 1335 1638 1385 scripto—

315 1390 431 1430 ribus
450 1390 544 1428 loca
557 1388 627 1427 hic
648 1401 735 1427 non
757 1401 989 1439 congeram.
1018 1388 1079 1426 De
1101 1388 1275 1439 σκηπτῷ
1302 1388 1389 1428 vid.
1413 1388 1464 1428 ad
1497 1402 1566 1443 12,
1596 1390 1637 1428 4.

836 1526 1038 1567 SECT.
1087 1527 1136 1568 II.

393 1614 434 1668 §-
469 1625 504 1654 1.
557 1613 707 1668 Ἡμῖν]
758 1611 998 1664 Opponitur
1029 1612 1111 1651 hoc
1142 1612 1415 1651 antecedenti·
1437 1611 1563 1657 αὑτός
1591 1621 1638 1652 ιιι

310 1674 405 1723 ipse.
461 1670 532 1709 Est
555 1684 652 1722 ergo
674 1669 807 1716 arsilli,
836 1675 884 1705 vt
914 1681 978 1718 17,
1013 1682 1047 1722 ,¹-
1120 1669 1256 1706 Verba
1284 1667 1313 1716 ἢ
1341 1667 1509 1721 βάθους
1530 1669 1636 1706 mihi

308 1732 496 1777 suspecta
517 1732 624 1764 sunt.
681 1724 764 1762 Sed
795 1722 990 1773 quoniam
1020 1724 1071 1760 iis
1094 1724 1266 1761 remotis
1294 1725 1521 1762 sententiae
1553 1737 1637 1770 nu-⁴

310 1782 418 1819 meri
442 1794 527 1819 non
545 1781 702 1832 optime
725 1779 888 1826 cadunt,
918 1792 965 1816 ea
984 1778 1160 1816 ferenda
1181 1792 1266 1816 esse
1288 1785 1401 1829 puto,

389 1836 587 1889 »γεννᾶται
619 1833 714 1889 γάρ,
753 1835 886 1886 φησὶ]
925 1833 1069 1871 Scribe
1112 1848 1207 1871 cnm
1252 1834 1460 1883 Manutio,
1507 1836 1632 1885 φασί.

304 1892 518 1943 praecedit
534 1892 657 1938 enim,
685 1892 774 1929 ἐπεί
786 1904 900 1943 ’τινες
919 1885 1020 1932 ὅλως
1046 1890 1318 1930 ΟῙΟΝΤΑΙ.
1350 1897 1391 1928 et
1413 1904 1511 1928 mox
1526 1891 1634 1941 legi-

303 1954 390 1995 tur,
415 1950 544 2000 χείρω
566 1961 606 1988 τε
625 1945 679 1986 τοὶ
702 1944 868 1996 φυσικοὶ
889 1943 1016 1998 ἔργα,
1055 1946 1114 1988 ’ὥς
1147 1946 1420 1985 ΟΙΟΝΤΑῙ.
1468 1945 1551 1983 Sed
1578 1946 1634 1984 ad.

305 2001 410 2043 haec
428 2004 540 2041 levia
568 2015 652 2040 non
671 2001 949 2039 adtenderunt
977 2001 1170 2039 editores.
1228 2000 1382 2038 Confer
1413 2014 1488 2038 nos
1518 2001 1633 2039 infra

301 2058 356 2094 ad
376 2057 484 2096 Sect.
507 2070 573 2112 29.
606 2058 673 2094 44.
705 2056 900 2095 Tovnvs.
930 2055 1139 2094 Minutum
1170 2056 1361 2106 profecto
1391 2063 1464 2107 est,
1489 2063 1631 2094 vtrmn

302 2117 424 2163 φησὶ,
454 2127 507 2152 an
538 2117 650 2165 φασὶ
685 2113 868 2163 legatur:
908 2125 1006 2149 nam
1039 2112 1165 2149 etiam
1202 2115 1333 2161 φησὶ,
1376 2118 1423 2149 vt
1453 2112 1634 2150 latinum

299 2172 457 2221 inquit,
497 2169 743 2221 praesertim
777 2168 849 2205 vbi
881 2167 1112 2205 aduersarii
1138 2168 1269 2204 verba
1294 2174 1533 2217 ponuntur,
1576 2168 1630 2205 de

296 2225 491 2275 pluribus
532 2225 616 2263 dici
634 2224 752 2261 solet.
777 2222 836 2268 Cf.
861 2235 927 2274 29,
961 2235 995 2260 1.
1023 2223 1090 2270 24,
1122 2235 1159 2260 2.
1190 2228 1231 2259 et
1268 2223 1449 2260 Gronou.
1469 2223 1522 2260 ad
1536 2223 1626 2261 Liu.

296 2280 366 2327 34,
396 2280 436 2318 3.
474 2281 629 2320 Monvs.
693 2278 821 2316 Recte
862 2284 1024 2316 secutus
1063 2278 1212 2315 videor
1247 2278 1291 2315 in
1327 2278 1480 2316 talibus
1522 2278 1627 2316 locis

294 2334 472 2374 Morum.
541 2336 603 2373 Ita
633 2341 674 2373 et
695 2348 732 2386 9,
762 2347 787 2372 2
809 2340 851 2371 et
878 2334 946 2380 44,
978 2346 1015 2374 2.
1074 2332 1181 2371 Nam
1218 2340 1258 2371 et
1289 2333 1362 2372 alii
1397 2334 1627 2384 scriptores

295 2394 404 2439 φησὶ
431 2404 508 2442 pro
531 2394 646 2442 φησί
660 2406 735 2436 τις,
765 2389 877 2440 quod
905 2402 980 2426 nos
1009 2404 1105 2427 man
1135 2397 1254 2441 sagt,
1291 2401 1450 2441 ponere
1474 2390 1623 2429 solent.

292 2445 430 2483 Semel
457 2446 539 2484 hoc
561 2446 764 2485 monuisse
776 2444 968 2483 sufficiat.

374 2499 429 2545 τοὶ
454 2502 621 2553 φυσικοὶ
644 2500 767 2554 ἔργα]
808 2499 919 2538 Num
948 2499 1018 2538 hic
1053 2507 1149 2539 sunt
1170 2516 1300 2555 ‘opera
1340 2502 1516 2551 ingenii,
1570 2514 1623 2538 an

290 2560 458 2609 ingenia
478 2559 593 2611 ipsa?
648 2556 859 2594 Posterius
894 2556 1088 2594 nonnulli
1126 2558 1319 2596 versione
1360 2556 1617 2605 exprimunt.

288 2612 370 2650 Res
395 2613 563 2663 quidem
596 2620 636 2650 et
657 2619 795 2649 cetera
811 2612 943 2649 verba
960 2620 1043 2649 non
1077 2619 1323 2664 repugnant.
1365 2610 1486 2651 Adde
1514 2624 1619 2661 quae

288 2668 357 2717 23,
386 2669 410 2706 3
431 2667 490 2710 de·
504 2670 635 2710 verbo
653 2667 782 2722 ἔργων
803 2667 961 2707 monui.
1000 2667 1082 2709 Sed
1107 2676 1219 2713 certe
1240 2681 1308 2720 22,
1342 2679 1376 2717 1,
1401 2678 1525 2719 quem
1549 2666 1616 2703 lo-
