1752 3118
325 276 406 318 368
602 273 829 318 NOTAE
873 275 955 317 AD
996 274 1078 318 DE
1113 276 1366 321 SVBLIM.·

324 390 455 429 verba
473 387 612 430 SchoL
630 388 685 428 ad
705 388 902 442 Aeschyli
921 390 963 432 S.
981 405 1015 430 e.
1036 390 1167 431 Theb.
1188 391 1282 431 645.
1310 390 1426 434 Ἔστι
1453 393 1496 434 δὲ
1516 399 1637 448 περί-

326 459 489 497 φοασις
509 461 537 494 η
557 442 630 485 διοὲ
650 444 850 487 πλειόνων
873 444 1051 495 astans
1033 462 1075 489 εν
1104 463 1143 488 τι
1166 447 1350 496 δηλουσοι
1380 449 1539 502 φράσις
1553 466 1562 475 ·
1593 456 1637 490 ἐκ

324 501 526 554 περιττῶν
546 515 628 555 γαρ
644 506 806 565 γίνεται
826 503 989 565 λέξεων·
1019 502 1190 551 αὐξάνει
1214 503 1283 543 δὲ’
1272 502 1453 545 έπαινον
1486 510 1571 549 τοῖς
1592 523 1639 546 υ-

323 560 594 610 ποκειμε’νοις
627 570 896 608 προσωποις,
937 574 991 603 ως
1017 557 1066 599 τό
1096 558 1209 612 ἱερόν
1239 574 1386 626 μενοςν
1394 558 1640 609 Ἀλκινόοιο,

321 617 397 653 καὶ
412 611 547 665 ἱεροὶ
539 614 578 656 ἰς
601 611 882 667 Τηλεμάχοιο,
911 618 986 654 καὶ
1002 617 1075 668 βίη
1093 614 1327 667 Ἡρακλείη,
1355 614 1486 667 ἤγουν
1504 616 1528 656 ὁ
1551 616 1641 662 ἈΞ-τ

323 671 489 716 κίνοος,
517 668 541 707 ὁ
558 669 841 734 Τηλέμμχος,
872 673 947 709 καὶ
974 670 997 710 o‘
1029 669 1247 722 Ἡρακλῆς.

405 725 475 768 Ὠς
512 737 593 777 γαρ
631 727 673 764 ἐν
694 724 888 788 μουσικῇ
914 741 951 764 κ.
980 742 1015 766 τ.
1044 727 1097 780 λ.]
1151 726 1348 777 Sequitur
1374 727 1494 766 locus
1516 727 1642 780 longe

321 766 670 833 elegantissimus,
707 792 730 817 e
769 793 925 819 muslca
955 782 1128 833 petitus:
1175 781 1247 825 Ὡς
1274 782 1358 835 γάρ
1405 787 1448 824 ἐν
1482 799 1639 850 μουσι-

411 834 484 875 διοέ
517 834 596 875 τῶν
627 834 903 887 παραφώνων
927 839 1198 890 καλουμένων
1228 837 1252 877 ὁ
1281 838 1426 891 κύριος
1447 838 1643 892 φθόγγος

321 851 452 942 ἦξίων
471 889 747 929 ἀποτελεῖται.
804 890 884 928 Vbi
900 891 1084 930 notanda
1115 906 1200 930 vox
1231 894 1532 946 Παραφώνων.
1562 909 1642 933 cu-

322 949 387 987 ius
415 944 606 983 meminit
643 943 894 983 Gaudentius
923 944 1125 985 Harmon.
1153 947 1382 989 introduct.
1421 963 1463 1000 p.
1497 963 1559 988 ιι.
1590 950 1643 988 ad

323 1014 447 1056 quem
467 999 743 1038 consulendus
765 999 818 1037 ol.
838 1000 1095 1041 Meibomius.
1128 1001 1282 1040 Confer
1304 1004 1429 1042 etiam
1450 1005 1502 1042 cl.
1526 1005 1643 1042 Wal-

321 1059 388 1098 lis.
421 1055 472 1094 ad
500 1055 672 1094 Ptolem.
705 1054 942 1095 Harmonic.
970 1071 1011 1110 p.
1035 1058 1130 1097 284.
1166 1057 1249 1096 Sed
1280 1058 1331 1096 de
1360 1059 1441 1098 hoc
1461 1059 1646 1098 viderint

324 1110 564 1155 Μουσικῶν
590 1109 749 1155 παῖδες.
778 1111 974 1152 T.ov21vs
1030 1112 1236 1159 Quoniam
1263 1114 1517 1166 periphrasis
1546 1115 1646 1166 plu-

321 1169 437 1209 ribus
468 1166 609 1206 verbis
638 1165 754 1204 aliud
782 1178 862 1219 per
890 1179 933 1206 se
963 1167 1281 1220 significantibus
1311 1183 1403 1208 rem
1435 1170 1646 1221 exprimit,

322 1221 618 1277 παραφώνους
639 1221 860 1274 φθόγγους
875 1236 960 1262 non
981 1230 1139 1262 temere
1157 1223 1248 1275 quis
1276 1231 1430 1263 statuat
1464 1238 1549 1263 esse
1576 1226 1649 1266 inm,

320 1279 503 1320 terualla
522 1278 704 1326 dissona,
730 1284 778 1316 vt
798 1278 951 1328 diesin,
980 1285 1128 1317 tonum
1158 1279 1264 1333 (siue
1296 1293 1420 1331 quam
1438 1294 1548 1319 nunc
1565 1295 1646 1319 vo—

322 1342 420 1375 cant
447 1334 664 1373 secundam
674 1333 706 1386 ,)
746 1339 789 1372 et
816 1333 920 1383 alia,
958 1346 1062 1386 quae
1093 1334 1247 1385 partim
1275 1336 1493 1374 transitum
1519 1349 1646 1387 prae-

321 1392 423 1431 bent
443 1405 467 1428 a
487 1402 586 1427 sono
609 1389 662 1429 ad
679 1401 848 1438 sonum,
876 1390 1052 1441 partim,
1079 1396 1128 1427 vt
1144 1389 1272 1432 falsae
1299 1392 1474 1430 voeuiae
1489 1421 1500 1439 ‚
1528 1405 1646 1443 spem

323 1447 508 1486 excitant
526 1452 749 1484 concentus
769 1444 903 1483 suauis
925 1458 1025 1483 mox
1053 1445 1303 1494 insecuturi;
1333 1447 1475 1495 nostri
1497 1446 1648 1499 appel..

321 1504 414 1547 lant
441 1502 747 1554 durchgelzende
784 1504 890 1541 Ἰῖιηε
916 1507 957 1539 et
993 1502 1038 1542 V
1031 1501 1194 1540 orhalte
1251 1501 1287 1539 Γ
1289 1501 1418 1542 alium
1448 1515 1648 1540 sonorum

322 1559 489 1611 plures,
516 1557 787 1608 interpositos
811 1559 899 1600 τοῖς
920 1571 1189 1611 συμφωνοις,
1218 1563 1339 1609 putet
1365 1558 1456 1610 quis
1490 1572 1514 1596 a
1533 1552 1648 1596 Lon-

321 1615 416 1667 gino
435 1613 518 1651 dici
551 1611 854 1675 παραφώνους.
911 1611 962 1651 Et
990 1613 1071 1651 hoc
1103 1625 1198 1652 sane
1234 1613 1362 1651 velim
1390 1614 1447 1651 sic
1476 1613 1648 1651 habere.

320 1671 440 1708 Esset
458 1669 567 1706 enim
585 1668 722 1706 iacilis
750 1668 1042 1720 interpretatio
1074 1668 1323 1717 verborum,
1354 1675 1396 1707 et
1424 1682 1648 1720 compara..

323 1725 384 1763 tio
408 1725 531 1762 rebus
559 1724 781 1774 aptissima.
839 1723 903 1762 Ad
936 1723 1181 1762 firmandam
1211 1730 1350 1762 autem
1377 1723 1484 1762 hanc
1512 1723 1647 1761 ratio-

322 1794 421 1820 nem
453 1779 592 1818 dicere
618 1779 792 1828 liceret,
816 1777 1048 1831 Longinum
1082 1779 1306 1818 verborum
1334 1779 1434 1816 artis
1465 1778 1649 1816 musicae

321 1836 459 1876 minus
477 1835 603 1873 fuisse
626 1848 820 1886 gnarum,
850 1842 892 1872 et
915 1834 1042 1886 magis
1070 1834 1299 1885 analogiam
1317 1847 1411 1872 cum
1432 1835 1555 1886 vulgo
1576 1847 1647 1871 se-

323 1899 467 1930 cutum
496 1903 604 1938 esse,
645 1904 766 1942 quam
799 1902 921 1929 vsum
956 1890 1222 1928 musicorum.
1278 1889 1403 1938 Vide,
1431 1903 1535 1942 quae
1557 1889 1648 1927 dixi

323 1947 378 1986 ad
398 1945 559 1997 Fragm.
586 1958 611 1984 2
629 1953 738 1989 extr,
775 1945 856 1985 Sed
876 1946 942 1984 his
975 1945 1143 1996 defungi
1174 1945 1390 1983 nolumus:
1418 1945 1647 1983 difficulta-

321 2010 385 2042 tes
408 2002 519 2040 enim
538 2002 816 2050 obiiciantur,
846 2015 945 2053 quas
969 2001 1225 2039 dissimulare
1244 2013 1329 2038 non
1352 2007 1532 2052 oportet.
1569 1999 1648 2038 Se-

323 2057 505 2097 cundum
523 2070 591 2105 ea,
621 2071 725 2109 quae
753 2057 998 2097 Meibomius
1029 2056 1082 2094 ad
1105 2055 1307 2095 Gaudent.
1325 2056 1354 2094 l.
1374 2056 1404 2095 l.
1433 2055 1648 2107 congessit,

324 2111 573 2168 παοοὲφωνα
615 2120 709 2152 sunt
733 2114 869 2166 potius
906 2112 1130 2152 interualla
1164 2111 1285 2163 signis
1324 2111 1449 2151 hodie
1486 2111 1650 2150 vsitatis

322 2171 383 2209 ita
402 2169 608 2208 notanda:
630 2168 726 2218 C-F,
751 2168 867 2218 C-G,
895 2169 991 2218 C-f,
1022 2167 1076 2206 C-
1056 2181 1115 2219 -g.
1171 2167 1278 2205 Nam
1297 2166 1585 2218 Bryenniusl‚
1607 2166 1649 2207 5.

323 2226 376 2264 de
406 2223 667 2279 διαστήμασι
696 2226 889 2277 loquens:
919 2255 928 2263 .
962 2227 1067 2264 .καὶ
1099 2222 1152 2263 τοὶ
1179 2222 1442 2273 παράφωνα,
1476 2222 1568 2263 οἷον
1599 2220 1650 2262 τό

324 2280 398 2321 δια
426 2284 569 2330 πέντε,
609 2285 683 2321 καὶ
718 2280 766 2320 τό
799 2280 873 2321 §cci
902 2279 1055 2321 πασῶν
1084 2283 1159 2319 καὶ
1190 2277 1263 2317 δια
1295 2282 1438 2327 πέντε,
1469 2279 1578 2327 siue,
1601 2284 1650 2317 vt

323 2350 436 2376 nunc
470 2336 631 2386 dicunt,
671 2340 825 2390 quanta
847 2343 889 2375 et
917 2337 1163 2375 duodecima.
1234 2333 1286 2372 Et
1320 2334 1467 2373 Theon
1498 2333 1649 2386 Smyr-

325 2405 453 2432 naeus
487 2392 531 2429 in
563 2405 652 2444 cap.
683 2393 736 2430 de
764 2392 999 2431 interuallis
1030 2390 1241 2446 σύμφωνα
1271 2389 1375 2428 dicit
1406 2390 1531 2428 etiam
1563 2402 1648 2427 esse

325 2464 379 2489 τα
401 2463 511 2488 κατα
536 2446 825 2500 παράφωνον·
857 2448 950 2489 οἷον
968 2446 1013 2487 τό
1034 2446 1106 2487 δια
1127 2450 1260 2495 πέντε,
1291 2449 1367 2485 καὶ
1386 2461 1432 2486 το
1458 2443 1530 2485 δια
1554 2459 1647 2485 τεσ-

327 2503 495 2557 σάρων,
534 2507 609 2543 καὶ
639 2520 685 2544 το
718 2502 791 2544 διοέ
821 2503 971 2545 πασῶν
1001 2507 1074 2543 καὶ
1108 2501 1180 2543 δια
1216 2505 1358 2550 πέντε,
1399 2505 1474 2541 και
1508 2499 1554 2540 τό
1573 2497 1649 2539 δια

328 2559 479 2600 πασῶν
501 2564 575 2599 καὶ
593 2558 666 2599 διοὶ
688 2559 924 2612 τεσσάρων,
954 2561 998 2598 in
1017 2573 1097 2611 quo
1121 2558 1280 2597 vltimis
1315 2557 1453 2596 verbis
1484 2556 1650 2594 vndeci-

329 2631 455 2664 mam,
483 2622 529 2654 vt
548 2614 641 2662 C-f,
671 2616 891 2667 significari
921 2621 1045 2668 patet.
1104 2614 1214 2653 Haec
1245 2613 1468 2652 interualla
1495 2611 1649 2662 Longi-

329 2683 384 2711 no
401 2685 564 2728 quoque
587 2685 880 2730 παραφωνους
904 2670 1123 2727 φθόγγους
1141 2670 1245 2722 dici,
1270 2682 1355 2711 non
1382 2680 1553 2726 prorsus
1575 2667 1648 2707 ab-
