1752 3118
315 307 384 340 Lx
518 290 909 341 RECENSIO
943 292 1414 344 EDITIONVM

250 430 253 433 ·
313 415 413 477 huc
444 454 447 457 .
470 415 617 463 editas
676 415 903 463 diiudicat
961 431 1009 464 et
1067 417 1299 465 editiones
1355 428 1631 482 enumerat3

315 486 429 549 quas
474 483 691 531 hahuerit
724 496 830 530 ante
865 484 1047 532 oculos.
1116 485 1238 532 Sunt
1271 491 1429 533 autem
1464 504 1631 535 omnes

311 550 427 599 inde
473 569 498 597 a
534 550 836 615 Crispiuiana.
909 551 1137 599 Codicem
1173 566 1345 600 mstum
1379 555 1632 601 se-nanci—

313 619 385 665 sci
424 634 523 664 non
560 618 773 682 potuisse
811 617 950 679 dicit,
1016 636 1173 684 neque
1217 636 1301 680 se,
1356 620 1477 667 vllos
1531 638 1633 668 esse

311 702 532 749 vsquam‚
569 684 794 732 arbitrari.
864 684 988 733 Mira
1011 700 1082 733 est
1109 687 1230 733 haec
1263 687 1457 749 opinio,
1494 705 1521 734 a
1547 689 1634 735 tali

310 753 588 817 praesertim
615 752 721 800 viro
745 753 954 817 prolata,
991 753 1075 816 qui
1104 768 1151 801 et
1179 754 1411 818 ampliora
1434 754 1634 801 medita-

311 832 444 865 ietur
471 817 531 866 de
564 817 661 867 hoc
691 820 923 883 scriptore
953 819 1245 867 exornando.
1315 819 1524 868 Textum
1550 821 1634 868 ille

310 885 448 933 Porti
472 885 657 933 curauit
681 887 908 951 exprimi,
944 902 990 935 et
1015 888 1192 952 primus
1215 888 1506 934 sectionibus
1533 888 1633 933 sin-

311 955 435 1015 gulis
457 968 733 1016 argumenta
753 955 1029 1018 praeposuit
1053 955 1238 1002 Graece
1261 954 1449 1017 scripta.
1487 955 1636 1001 Grae-

310 1037 420 1066 cum
443 1033 621 1066 textum
661 1021 840 1084 excipit
869 1020 1024 1068 versio
1046 1021 1210 1067 Petrae
1243 1023 1438 1067 seorsim
1463 1022 1632 1084 posita.

307 1085 606 1132 Postremum
630 1086 795 1133 locum
822 1101 981 1132 tenent
999 1091 1164 1133 Notae
1185 1091 1425 1147 minores,
1463 1087 1635 1147 dignae

307 1150 462 1198 illae
449 1151 641 1212 ingenio
673 1150 869 1199 editoris
899 1166 946 1198 et
972 1152 1254 1201 eruditione.
1321 1153 1401 1203 Ad
1425 1171 1499 1200 eas
1518 1154 1636 1201 haec

307 1219 579 1284 praefatur:
615 1219 779 1277 „Cum
802 1218 924 1265 mihi
949 1218 1195 1266 decretum
1219 1220 1280 1267 sit
1301 1221 1597 1268 vberrimas
1585 1239 1635 1267 m

307 1286 587 1348 Longinum
604 1283 752 1332 Notas
775 1304 883 1332 cum
901 1285 1406 1334 Animaduersionibus
1424 1288 1635 1363 aliquan-

310 1352 377 1401 do
397 1353 631 1412 scribere,
670 1369 820 1417 eaque
844 1353 935 1399 iam
958 1353 1157 1401 collecta
1181 1354 1273 1400 sint
1296 1368 1343 1401 et
1366 1354 1635 1417 conquisita

310 1420 497 1479 omnia,
533 1419 708 1483 quibus
739 1418 801 1466 ad
837 1436 939 1465 eam
969 1436 1069 1465 rem
1105 1438 1226 1483 opus
1254 1438 1354 1467 esse
1384 1420 1634 1481 videatur;

308 1503 436 1534 nunc
474 1503 548 1533 me
582 1486 861 1533 breuiorem
897 1502 997 1533 esse
1025 1488 1187 1546 volui;
1224 1505 1333 1534 cum
1362 1487 1637 1551 praesertim

307 1553 407 1600 hoc
423 1571 569 1602 vnum
591 1551 852 1600 studu‘erim
866 1590 882 1611 ,
918 1567 970 1600 vt
988 1553 1070 1600 hic
1089 1554 1292 1618 scriptor
1315 1554 1639 1601 emendatissi-

307 1638 416 1668 mus
439 1619 655 1685 prodiret
686 1634 734 1667 et
765 1637 820 1667 ea
842 1621 1000 1667 forma
1029 1619 1275 1678 ederetur,
1325 1638 1445 1684 quae
1477 1639 1560 1680 se,
1596 1621 1637 1668 si

308 1687 442 1736 nulla
473 1687 564 1733 alia
598 1703 674 1746 re,
701 1685 1043 1735 commoditate
1071 1689 1236 1734 saltem
1265 1688 1634 1735 commendaret.

308 1754 437 1804 Nam
457 1754 656 1802 alterum
673 1753 796 1800 illud
821 1771 976 1818 OPUS,
1011 1754 1145 1817 quod
1171 1771 1262 1818 ego
1285 1757 1336 1801 in
1360 1755 1521 1801 animo
1545 1756 1637 1802 ha-

306 1823 431 1882 beo,
466 1838 663 1885 magnae
683 1821 826 1869 molis
852 1822 1067 1868 futurum
1089 1836 1185 1882 est,
1223 1839 1334 1868 cum
1358 1837 1469 1869 tam
1485 1823 1638 1869 multa

309 1907 338 1936 e
366 1888 595 1949 Graecis,
628 1902 724 1936 tam
760 1888 909 1935 multa
943 1905 969 1935 e
1002 1888 1214 1948 Latinis,
1251 1906 1336 1936 seu
1364 1890 1540 1936 Poetae
1564 1889 1638 1936 illi

310 1970 474 2015 erunt,
510 1972 595 2002 seu
615 1954 892 2020 Sophistae‚
929 1969 1010 2002 aut
1031 1955 1339 2020 Philosophi,
1378 1970 1459 2003 aut
1478 1970 1636 2004 orato-

309 2041 412 2083 reS‚
463 2025 514 2071 in
551 2040 609 2070 eo
643 2023 736 2069 sint
777 2022 1097 2071 examinanda.
1170 2023 1499 2081 Quamobrem
1535 2024 1638 2070 sine

310 2092 437 2139 beati
461 2091 547 2138 otii
565 2090 703 2154 copia
725 2107 823 2136 non
839 2102 908 2136 est
928 2103 982 2136 ut
1001 2089 1052 2136 id
1072 2088 1420 2155 commodeque
1441 2103 1490 2136 et
1509 2091 1638 2137 belle

312 2158 501 2206 absolui
532 2157 708 2222 possit3
746 2175 857 2204 curn
893 2156 1171 2221 praesertim
1205 2175 1382 2204 nouam
1410 2157 1638 2205 Rhetoris

310 2225 463 2275 nostri
491 2224 757 2279 versionem
785 2222 897 2271 dare
919 2224 1185 2283 statuerim,
1222 2242 1422 2288 eamque
1448 2226 1510 2270 ita
1538 2225 1638 2270 ela-

310 2296 553 2351 boratam,
602 2306 653 2340 vt
684 2292 879 2353 eeteriS‚
928 2308 1049 2355 quae
1093 2291 1292 2338 antehac
1326 2290 1637 2355 prodierunt,

312 2378 430 2430 sme
447 2359 581 2408 omni
604 2357 786 2407 damno
808 2374 966 2406 carere
986 2359 1153 2422 possis.
1171 2362 1203 2386 “
1270 2358 1369 2406 Sed
1395 2357 1518 2405 nihil
1545 2357 1641 2405 ho·-

311 2426 423 2478 rum
441 2430 599 2475 lucem
621 2425 756 2475 vidit.

375 2494 568 2572 -Quod
599 2493 794 2541 Faber‘
782 2511 832 2540 m
862 2493 1021 2541 animo
1053 2511 1102 2540 se
1132 2492 1310 2541 habere
1346 2492 1551 2550 dixerat,
1586 2459 1640 2540 id.

305 2563 546 2633 *praestitit
578 2560 948 2611 IAc.Totn1vs.
1005 2560 1182 2625 Magno
1219 2578 1378 2607 rerum
1414 2574 1639 2635 apparatu

306 2646 381 2680 et
389 2628 736 2706 typographico
770 2628 916 2674 etiam
941 2643 1110 2676 ornatu
1136 2627 1397 2695 splendens
1419 2627 1518 2674 eius
1541 2625 1640 2672 edi-

315 2700 384 2749 tio
415 2697 596 2765 prodiit
619 2695 838 2744 Traiecti
853 2695 915 2743 ad
926 2695 1162 2744 Rhenum
1190 2699 1335 2760 1694.
1374 2699 1417 2743 4.
1446 2693 1638 2740 maioris
