1752 3118
262 250 540 295 LONGINI
577 247 659 288 DE
695 247 863 289 SVBL.
902 246 1071 288 SECT.
1099 248 1172 291 IX.
1317 250 1367 293 δι

37 371 194 419 ¹didit.
262 366 364 415 Sed
381 379 594 431 quonam
625 359 777 409 modo
806 358 1053 408 Homerus
1084 359 1374 422 magnitudi-

50 480 164 510 nem
186 458 389 506 deorum
405 449 737 500 demonstrat?
805 454 1057 512 Quantum
1081 459 1374 512 prospectat

41 568 144 617 per
159 565 347 608 aerem,
395 545 481 608 qui
512 559 747 590 conuerso
775 542 847 588 ad
866 542 1142 604 coeruleum
1159 548 1377 602 pontum

52 643 190 690 vultu
214 640 268 683 in
294 636 497 698 specula
529 635 687 693 Sedet,
723 639 915 679 tantum
946 631 1132 677 saliunt
1167 631 1377 676 dearum

50 731 165 794 ‘equi
184 727 392 775 altisoni.
460 719 641 769 Mundi
661 719 921 769 interuallo
942 718 1182 783 impetum
1205 735 1377 767 eorum

50 818 266 866 metitur.
314 813 436 871 Quis
462 828 575 875 ergo
600 811 652 857 in
671 824 769 858 tam
789 810 1021 858 immensa
1044 808 1377 873 magnitudine

51 925 153 955 non
174 907 281 953 iure
307 902 570 964 exclamet,
608 901 646 948 si
671 900 746 948 bis
766 899 1000 965 deinceps
1037 898 1226 947 ruerint
1254 898 1379 949 deo-

54 1015 166 1045 rum
192 994 331 1060 equi,
369 1009 450 1040 eos
474 1009 574 1039 non
598 992 809 1057 amplius
828 991 998 1038 locum
1018 988 1069 1034 in
1093 987 1282 1037 mundo
1304 1007 1378 1038 re-

55 1101 293 1152 perturos·
358 1082 478 1130 Illae
525 1099 728 1147 quoque
778 1097 978 1143 magnae
1010 1078 1218 1127 visiones
1250 1094 1379 1138 sunt,

57 1194 171 1222 cum
209 1173 327 1239 deos
359 1173 644 1238 praeliantes
681 1170 940 1231 describit,
994 1171 1138 1217 Circa
1169 1172 1382 1239 intonuit

54 1281 267 1325 magnus
312 1265 508 1322 aether,
560 1262 826 1324 metuitque
865 1260 955 1308 aab
993 1268 1131 1308 terra
1175 1277 1264 1307 rex
1301 1262 1382 1308 in-

40 1357 277 1418 ferorum
326 1356 471 1401 Plato
484 1388 501 1411 ‚
551 1361 599 1398 et
635 1358 855 1398 metuens
892 1369 922 1396 e
968 1351 1090 1397 solio
1141 1349 1381 1412 subsiluit,

54 1462 115 1491 ac
140 1444 448 1502 inclamauit,
482 1458 567 1502 ne,
599 1448 750 1502 rupta
768 1456 803 1485 a
832 1441 1065 1501 Neptuno
1095 1449 1388 1502 quas-satore

58 1543 222 1591 terra,
271 1533 509 1594 posthaec
544 1533 718 1577 domus·
761 1530 866 1575 eius
901 1529 1152 1577 horrenda
1164 1565 1178 1590 ,
1229 1548 1385 1593 squa-

19 1678 24 1687 ,
58 1625 178 1679 lida,
212 1623 430 1683 ipsisque
450 1620 546 1666 diis
578 1620 757 1676 inuisa,
791 1617 1082 1665 mortalibus
1110 1627 1158 1666 et
1181 1622 1385 1667 immor-

58 1712 236 1759 talibus·
248 1717 461 1773 pateret.
495 1705 681 1755 Viden’
705 1723 839 1768 vero,
861 1704 1168 1772 Terentiane,
1192 1722 1257 1770 vt,
1277 1709 1385 1755 fun-

63 1800 191 1848 ditus
215 1799 358 1846 scissa
377 1812 530 1860 terra,
585 1797 692 1862 ipso
730 1811 909 1845 tartaro
952 1795 1163 1859 nudato,
1212 1816 1384 1847 euerso

63 1904 110 1938 et
143 1889 307 1936 hiante
328 1902 432 1936 toto
464 1886 682 1950 mundo,
719 1888 880 1935 omnia
916 1888 1143 1949 omnino,
1180 1889 1388 1951 caelum,

64 1997 232 2040 orcus,
267 1977 519 2038 mortales,
554 1977 870 2039 immortaleS,
902 1994 996 2026 vna
1018 1977 1318 2043 praelientur
1341 1992 1389 2027 et

64 2064 436 2135 peniclitentur?
480 2066 582 2115 Sed
625 2066 776 2129 haec,
813 2083 1115 2132 quamquam
1146 2068 1388 2134 obstupe-

65 2158 272 2220 faciunt,
304 2173 494 2217 tamen,
530 2154 624 2203 nisi
639 2156 1005 2222 interpretando
1029 2157 1262 2206 aliorsum
1296 2171 1389 2205 tra-

66 2246 272 2308 hantur,
320 2261 368 2295 et
394 2246 701 2295 abhorrentia
735 2266 761 2294 a
796 2246 890 2296 deo
924 2261 1061 2308 sunt,
1108 2261 1154 2296 et
1195 2247 1390 2295 numini

67 2335 314 2383 indecora.
390 2334 470 2383 Ab
500 2335 719 2386 Homero
751 2339 906 2400 enim,
940 2338 1159 2396 vulnera,
1204 2336 1390 2385 discor-

67 2424 227 2486 diam,
285 2425 548 2488 ultionem,
602 2427 849 2491 lacrimas,
895 2428 1118 2493 vincula,
1153 2427 1391 2493 multipli-

73 2533 252 2579 cesque
276 2513 491 2563 adfectus
521 2515 728 2564 deorum
754 2533 991 2578 narrante,
1026 2516 1267 2579 homines,
1304 2517 1391 2580 qui

69 2603 391 2654 Troianarum
430 2622 595 2666 rerum
621 2590 843 2675 tempore
872 2611 1119 2672 vixerunt,
1151 2620 1392 2672 quantum
