1752 3118
341 290 481 323 xxxx
570 272 1104 326 DISSERTATIO
1139 274 1238 322 DE
1273 273 1465 322 VITA

338 398 657 463 ωραΐζεσθαι
683 401 775 447 τὸν
788 397 1050 447 Πλάτωνα
1067 401 1226 464 φησὶ,
1254 396 1342 445 διά
1367 396 1468 446 τῶν
1489 412 1664 461 παρα-,

338 467 515 526 βολῶν
535 471 629 514 καὶ
656 467 748 529 τῆς
773 466 875 514 τῶν
903 463 1426 530 ὀνομάτωνχάριτος,
1459 467 1593 512 καλλ
1597 484 1656 512 ω-

339 532 588 590 πίσαντος
613 533 769 596 (lege,
804 534 1230 589 καλλωπίσαντα)
1250 534 1344 579 τὸν
1371 530 1543 593 λόγον,
1577 534 1655 579 ἐν·

338 598 675 662 δεικνύμενος
703 600 774 656 εἴς
799 618 946 657 τινας
976 602 1376 656 Πλατωνικους,
1409 598 1655 679 αὐτοφυῆ

337 670 435 732 τήν
460 666 741 748 ἑρμηνείαν
763 665 991 751 ταύτην,
1024 667 1140 715 ἄλλ’
1167 666 1268 713 οὐκ
1286 668 1348 713 ἐκ
1365 661 1546 748 τεχνης
1570 683 1657 713 πε-

336 731 654 798 πορισμὲνην
686 733 754 797 τῷ
789 733 1054 799 φιλοσόφῳ
1088 730 1345 795 λέγοντας.
1388 727 1524 780 εἶναι
1554 733 1672 795 μὲν

334 805 436 865 γάρ
469 804 566 864 τῆν
599 800 820 884 ἐκλογήν
853 802 954 849 τῶν
981 800 1253 864 ὀνομάτων
1276 796 1658 881 πεφροντισμέ-

335 886 435 933 νην
457 868 525 931 τῷ
547 864 792 915 Πλάτωνι
810 872 905 916 καὶ
927 887 994 916 ου
1009 872 1155 916 κατά
1182 871 1242 916 τὸ
1266 865 1550 929 ἐπιτυχόν’
1534 864 1661 914 ε’κα-

335 949 435 983 στα
465 932 766 997 λαμβάνειν
797 934 977 984 αυτό-.ν
1021 936 1158 984 ἄλλά
1189 936 1346 983 τοῦτο
1383 937 1483 997 μὲν
1519 934 1656 981 εἴποι

335 1001 405 1049 ἄν
433 1019 510 1058 τις
545 1000 652 1048 dno
672 1001 769 1081 τῆς
789 1003 971 1067 κοινῆς
996 1004 1087 1067 τῆς
1112 1002 1229 1051 τότε
1256 1004 1351 1050 καὶ
1389 999 1655 1065 συνηθους

331 1067 612 1132 ἑρμηνείας
645 1064 795 1132 ἥκειν
826 1072 922 1115 καὶ
944 1070 1016 1126 εἰς
1039 1068 1219 1116 αυτόν.
1256 1070 1457 1132 πολλήν
1481 1066 1537 1115 δε
1560 1067 1657 1114 αὐ-

331 1138 425 1183 τὸν
460 1135 731 1183 ποιεῖσθαι
763 1139 858 1182 καὶ
887 1136 979 1200 τῆς
1004 1134 1272 1201 συνήθους
1302 1134 1655 1220 προμήθειαν.

329 1201 538 1250 θᾶττον
559 1205 660 1266 γάρ
686 1203 755 1249 (ἲν
776 1205 871 1258 τάς
893 1201 1127 1266 ατόμους
1144 1202 1460 1267 Επικούρου
1480 1203 1656 1251 συνελ-

330 1266 536 1325 θούσας
561 1269 778 1333 ποιῆσαι
805 1267 1033 1332 κόσμον,
1064 1272 1100 1354 η’
1136 1269 1376 1333 ὀνόματα
1412 1289 1476 1326 ως
1505 1269 1655 1330 ἔτυχε

329 1335 646 1397 συγκείμενα
676 1340 772 1383 καὶ
796 1336 1012 1402 ῥήματα
1037 1336 1195 1398 λόγον
1221 1333 1654 1420 κατωρθωμένον.

327 1401 591 1459 Πλάτωνα
623 1400 682 1450 δε
720 1421 778 1451 εν
811 1408 912 1466 μὲν
938 1405 1002 1469 τῇ
1016 1403 1207 1467 χρήσει
1243 1404 1345 1451 τῶν
1380 1401 1654 1464 ὀνομάτων

325 1467 614 1534 ᾐτιάσαντό
643 1487 800 1526 τινες,
834 1470 898 1526 ὥς
913 1467 1536 1549 μεταφοραϊςχρωμενον·
1569 1487 1656 1516 πε·

327 1539 381 1600 ρὶ
414 1534 471 1583 δὲ
496 1537 605 1615 την
639 1533 977 1620 συνθήκην,
995 1532 1227 1592 α’παντες
1260 1534 1652 1599 θαυμάζουσιν.

328 1602 445 1650 α’λλ
474 1599 612 1663 ὅμως
638 1600 762 1650 ουδὲ
789 1604 850 1650 ἐκ
872 1600 1071 1667 ταυτης
1090 1600 1259 1664 μόνον
1289 1602 1355 1650 ἄν
1381 1621 1459 1660 τις
1485 1602 1654 1662 λάβοι

326 1673 424 1734 τήν
448 1673 563 1733 περὶ
585 1670 683 1732 την
702 1669 985 1734 ἑρμηνείαν
1007 1669 1179 1716 αυτοῦ
1199 1668 1480 1734 φροντίδα,
1513 1669 1653 1718 αλλὰ

323 1739 388 1785 ἐκ
403 1736 505 1784 τῶν
529 1753 782 1784 τοιουτων
804 1734 1191 1801 ἑπιτηδευσεων,
1228 1735 1350 1784 οἵαν
1369 1739 1426 1784 ἐν
1445 1755 1653 1794 τουτοις

305 1797 709 1852 ’ἐπιδείκνυταί
731 1821 797 1851 ου
823 1807 924 1868 γάρ
957 1803 1131 1860 απλῶς
1162 1800 1297 1864 λέγει
1323 1822 1350 1851 ο
1338 1799 1653 1869 Σωκράτης

325 1867 357 1919 ὃ
375 1871 543 1918 ποθεῖ
552 1867 803 1931 γενέσθαι
821 1890 963 1935 αυτῳ
941 1871 1122 1935 παρά
1137 1871 1238 1918 τῶν
1253 1870 1396 1935 ἀμφὶ
1411 1870 1655 1932 Τίμαιον,

324 1937 442 1985 αλλ
462 1934 792 2002 ωραὶζομενω
818 1956 922 1996 πως
938 1938 1100 1995 ἔοικε,
1132 1941 1228 1986 καὶ
1247 1939 1654 2000 ψυχαγωγοῦντι

323 2008 417 2054 τὸν
452 2003 739 2070 ακροατήν.
790 2005 872 2053 vbi
898 2006 1125 2067 verbum,
1171 2003 1306 2069 quod
1337 2005 1535 2064 excidit,
1582 2004 1653 2052 sic

321 2072 652 2120 reuocandum
670 2070 882 2120 videtur:
918 2092 983 2130 ως
999 2077 1323 2136 μεταφοραῖς
1345 2070 1652 2135 κατακόρως

311 2156 601 2220 χρωμενοην
661 2139 870 2220 Dionys.
905 2139 1058 2187 Halic.
1095 2138 1157 2186 de
1191 2138 1417 2222 Thucyd.
1450 2159 1499 2204 p.
1539 2144 1650 2189 161.

324 2203 455 2254 ὅταν
475 2225 575 2269 μεν
601 2205 739 2270 αὐτῇ
747 2205 1029 2272 χρήσηται
1036 2204 1354 2270 κατακόρως.
1422 2206 1493 2255 Io.
1511 2205 1652 2264 Sice-,

320 2273 440 2322 liota
462 2273 814 2320 Commentario
839 2273 945 2322 MS.
969 2275 1018 2321 in
1042 2272 1423 2337 Hermogenem,
1449 2273 1510 2321 de
1518 2273 1651 2320 -Pro-

322 2340 468 2404 copio
512 2340 700 2387 Gazaeo
728 2358 740 2388 :
797 2340 1026 2405 ακαίρως
1069 2359 1169 2403 μεν
1209 2344 1305 2388 καὶ
1346 2309 1651 2404 κατακόρως

312 2405 585 2472 χρώμενος
608 2412 722 2464 ταῖς
745 2415 960 2471 τροπαῖς
974 2410 1070 2455 καὶ
1082 2405 1347 2464 ἐπιθέτοις
1363 2410 1420 2455 ἐν
1441 2414 1548 2464 τοῖς
1563 2406 1649 2453 λό-

321 2492 441 2537 γοις.
487 2473 672 2521 Rhetor
699 2473 803 2521 MS.
829 2475 877 2522 in
913 2476 1036 2522 Bihl.
1069 2472 1315 2522 Medicea:
1367 2475 1432 2522 ου’
1455 2473 1536 2522 δεῖ
1552 2492 1647 2520 κα-

322 2540 555 2605 τακόρως
579 2547 693 2598 ταῖς
715 2543 1091 2605 γνωμολογίαις
1112 2541 1417 2606 κεχρῆσθαι.
1472 2542 1646 2603 Neque

325 2609 451 2656 enim
482 2626 673 2657 omnem
704 2610 1094 2673 metaphorarum
1123 2626 1286 2669 vsum,
1332 2607 1416 2655 sed
1453 2607 1644 2654 nimiam

321 2674 754 2742 frequentationem
785 2692 914 2728 vete1
917 2695 966 2727 es
1001 2679 1053 2737 in
1084 2675 1285 2724 Platone
1320 2672 1645 2742 leprehende-
