1752 3118
75 273 352 316 LoNe1N1
391 267 685 312 unszL.
718 266 893 306 snc'r.
923 253 1287 317 xxxn.xxx111.
1320 275 1398 329 11⁵

76 406 131 435 ac
184 389 387 452 purum,
452 397 594 446 saepe
644 380 868 445 peccanti
924 379 1153 429 Platoni·
1173 386 1395 446 praefert,

74 476 230 542 Atqui
262 475 359 522 hoc
393 471 674 538 planenon
700 469 775 518 ita
811 483 952 520 erat:
973 460 986 490 ⁴*
1062 484 1064 488 ·
1123 483 1126 486 ·

467 715 697 767 SECT.·
726 717 978 768 XXXIII.·
1054 742 1090 752 -·

75 807 185 880 Sed
219 830 486 893 fingamus,
555 832 657 879 esse
680 830 905 897 ‘aliquem
950 830 1245 896 scriptorem
1279 849 1393 882 vere

69 937 250 988 purum
283 938 310 966 a
344 918 473 968 vitiis
509 934 554 968 et
586 920 1006 987 irreprehensum3
1048 937 1212 968 nonne
1246 935 1387 971 antea

69 1009 199 1058 illud
248 1009 447 1057 omnino
495 1010 830 1074 quaerendum
878 1023 975 1072 est,
999 1023 1010 1047 ὲ
1036 1026 1156 1060 num
1201 1013 1389 1076 magni-

69 1099 193 1149 tudo
241 1116 353 1147 cum
398 1099 608 1162 peccatis
652 1115 751 1148 non
798 1100 946 1149 nullis
995 1099 1045 1146 in
1091 1101 1321 1151 carmine
1346 1107 1392 1152 et

70 1189 287 1237 oratione
320 1201 532 1251 praestet
578 1194 693 1237 eam'
726 1187 1140 1248 mediocritatem,
1209 1190 1392 1255 inqua

69 1277 231 1326 omnia
267 1291 425 1336 recta,
470 1295 580 1326 sana
617 1291 663 1327 et
694 1279 863 1326 errore
898 1284 1048 1325 vacua
1083 1260 1206 1326 sint:
1273 1298 1392 1327 num

66 1383 218 1432 porro
273 1365 326 1412 in
380 1366 598 1415 oratione
653 1367 821 1432 plures
876 1366 1073 1415 virtutes
1119 1369 1393 1416 ¹maioribus

68 1453 405 1504 anteferendae
438 1455 715 1504 videantur:
749 1456 1085 1522 vtique'enim
1117 1456 1211 1505 hae
1231 1474 1390 1522 quae-

67 1545 273 1609 stiones,
333 1562 447 1592 eum
493 1545 607 1593 loeo
650 1544 713 1594 de
754 1545 1052 1594 sublimitate
1095 1546 1239 1610 plane
1275 1562 1390 1593 cou-

65 1631 286 1693 iunctae,
333 1631 677 1682 examinandae
709 1648 854 1683 sunta
923 1633 1028 1682 Iam
1062 1633 1208 1695 noui,
1258 1634 1390 1698 inge·
1424 1653 1452 1684 2

67 1723 147 1771 nia
195 1740 366 1787 magna
419 1723 577 1772 solere
619 1723 725 1771 vitii·
765 1722 953 1788 aliquid
983 1710 1193 1780 habere,
1248 1723 1390 1788 (nam

64 1822 253 1860 ⁴summa
294 1815 347 1860 in
395 1813 620 1862 omnibus
665 1811 915 1876 diligentia
955 1813 1142 1861 minuta'
1174 1811 1390 1876 videtur-3

69 1902 120 1949 in
156 1902 492 1966 magnitudine
526 1919 641 1951 vero
675 1901 881 1966 ingenii,
933 1903 1070 1953 vt'in
1106 1902 1302 1967 copiosa
1336 1919 1390 1950 re

69 1989 324 2050 familiari,
371 1990 610 2058 quaedam
649 1991 791 2040 etiam
823 1990 1115 2057 negligenda
1152 1994 1306 2047 sunt,)
1343 2002 1390 2038 et

71 2097 228 2145 prope
284 2083 553 2131 necessario
608 2081 856 2148 sequitur,
920 2080 1147 2130 humilia*
1185 2077 1389 2143 quidem

71 2183 156 2217 aut
186 2169 452 2219 mediocria
488 2171 704 2236 ingenia,
750 2171 864 2246 quia
898 2179 1141 2236 nusquam
1175 2184 1227 2216 se
1261 2168 1392 2232 peri-

74 2259 188 2306 culo
226 2259 549 2324 committant,
596 2279 688 2309 nec
723 2260 817 2309 alta
851 2274 1042 2326 petant,
1097 2258 1391 2324 plerumque

70 2347 268 2396 liberaa
295 2363 495 2414 peccato
528 2364 574 2399 et
597 2369 623 2398 a
646 2350 786 2415 lapsu
820 2365 921 2399 tuta
955 2351 1154 2397 manere
1165 2365 1178 2409 3
1221 2363 1392 2409 magna

71 2453 189 2485 vero
222 2453 424 2504 propter
470 2438 622 2504 ipsam
670 2439 1052 2504 magnitudinem
1097 2435 1158 2484 ad
1201 2435 1392 2500 lapsum

71 2527 312 2590 procliuia
349 2545 461 2576 esse.
530 2527 636 2577 Nec
670 2529 800 2577 illud
834 2548 912 2579 me
945 2527 1092 2593 fugit,
1141 2521 1390 2592 quidquid
1424 2531 1454 2577 5

76 2615 136 2662 ab
180 2615 466 2666 hominibus
516 2617 630 2683 fiat,
662 2618 915 2669 ‘hactenus
960 2615 1151 2665 facilius
1196 2613 1392 2660 innote—

965 2705 1080 2754 Ha
