1752 3118
421 276 521 328 DE
557 273 806 324 LIBRO
840 280 907 327 H.
944 280 997 326 Y.
1273 299 1372 333 cxv

45 410 127 457 illa
152 412 231 467 52,
271 404 331 453 5:
367 401 450 450 sed
472 414 650 466 quanto
679 399 856 464 gratius
879 399 1040 448 fuisset
1059 401 1255 462 lectori,
1293 403 1371 451 di-

47 476 211 539 ligenti
231 468 530 545 praesertim,
566 469 667 531 ipsa
688 483 978 531 cognoscere
1010 485 1066 515 ex
1087 468 1256 517 ordine
1279 489 1371 535 po-

48 545 133 590 sita
155 540 294 590 verba
325 536 431 583 talis
454 533 717 599 scriptoris·
788 531 937 590 Quod
964 533 1003 580 si
1027 536 1220 598 longior
1242 537 1374 585 vide-

47 611 185 657 batur
202 606 283 653 ille
306 605 459 661 locus,
487 601 703 650 bieuiori
726 618 821 650 vno
846 599 1058 650 alteroue
1078 617 1266 667 poterat
1293 605 1373 655 vti.

641 711 678 775 ς.
712 711 775 760 Χ.

181 805 248 853 Re
279 803 492 852 breuiter
524 801 763 866 explicata
796 814 843 850 et
877 803 1111 868 exemplis
1140 804 1374 855 illustrata

47 887 214 923 monet
241 887 405 920 auctor
436 872 534 918 fere
557 870 617 917 de
651 869 800 916 abusu
833 884 880 917 et
905 887 1091 931 errore,
1139 870 1198 919 ad
1228 890 1373 939 quem

48 943 188 990 facile
213 940 318 1005 quis
339 938 567 985 deflectat.
614 935 698 984 Sic
719 936 831 985 facit
857 940 933 1000 15,
957 940 1001 985 8.
1038 942 1120 1001 25,
1144 942 1190 989 4.
1227 957 1351 1005 29,1

50 1012 132 1071 52,
155 1026 198 1070 7.
229 1020 275 1054 et
299 1005 423 1054 alibi.

183 1073 377 1122 Addam
398 1072 479 1119 hic
501 1043 703 1135 aliquid,
735 1069 869 1135 quod
893 1070 952 1119 ad
974 1073 1113 1137 plura
1132 1073 1244 1123 libri
1264 1076 1375 1124 loca

47 1141 264 1209 pertinet.
334 1138 580 1188 Nonnulla
605 1138 818 1185 breuiter
844 1140 902 1186 ab
930 1153 1127 1187 auctore
1152 1159 1377 1207 pronun-

48 1211 159 1257 tiata
178 1207 329 1257 videri
352 1217 550 1272 possunt
571 1221 705 1264 vana,
740 1221 895 1270 neque
919 1207 1164 1270 explorato
1189 1208 1373 1258 iudicio

49 1277 245 1342 prolata.
307 1272 408 1322 Sed
429 1288 717 1337 quamquam
741 1271 860 1318 ille
847 1290 897 1318 m
927 1272 1227 1323 aestimandis
1249 1292 1376 1323 non-

50 1343 195 1391 nullis
224 1356 437 1391 veterum
465 1337 602 1386 dictis
634 1338 891 1386 infeliciter
918 1354 1184 1403 argutatnr‚
1220 1349 1376 1390 tamen

51 1423 206 1457 cetena
223 1410 466 1473 pleraque,
488 1420 535 1453 et
554 1405 754 1452 maxime
774 1421 1023 1471 praecepta
1043 1407 1144 1472 ipsa
1164 1408 1376 1469 dicendi,
1433 1407 1442 1417 '

53 1475 187 1524 dedit
218 1476 293 1523 vel
329 1491 414 1522 vsu
446 1489 605 1521 rerum
636 1472 834 1536 probata
857 1474 932 1521 vel
959 1474 1165 1538 eleganti
1192 1475 1376 1523 iudicio

53 1544 141 1591 rite
174 1559 422 1620 perpensa..
488 1539 723 1602 Exemplo
757 1539 895 1586 nobis
930 1540 1024 1588 sint
1053 1542 1223 1604 verba,
1259 1558 1375 1591 sect.

55 1628 118 1672 29
150 1610 286 1657 initio
321 1608 497 1684 posita,
533 1605 635 1652 τῶν
668 1606 838 1652 ἄλλων
863 1604 1032 1655 πλέον.
1104 1608 1271 1663 Quid?
1306 1609 1379 1656 di*

53 1679 174 1726 xerit
212 1675 468 1751 quispiam3
534 1690 593 1720 an
633 1672 739 1719 sola
787 1672 1078 1736 petiphrasis
1125 1675 1378 1741 ἐπίκηρον

55 1763 161 1808 πρα
142 1740 306 1805 vlunt?
332 1740 478 1788 nimia
499 1753 763 1787 ceterarum
782 1741 904 1804 figul
907 1757 1040 1788 arum
1059 1741 1377 1806 frequentatio

54 1831 112 1860 an
133 1812 291 1857 minus
315 1808 458 1855 habet
479 1804 616 1856 vitii?
651 1806 751 1854 imo
771 1776 844 1854 eto
837 1821 1019 1855 ceterae
1042 1810 1167 1857 iusto
1191 1811 1378 1875 saepius

55 1891 303 1942 vsurpatae
325 1875 582 1923 satietatem
605 1875 822 1933 affexunt,
859 1888 937 1923 aut
958 1875 1178 1940 frigidam
1200 1878 1380 1924 faciunt

59 1946 335 1994 orationem
371 1941 486 2002 Sed,
520 1955 571 1990 vt
595 1941 685 1987 alia
711 1954 903 2004 taceam,
939 1942 989 1990 in
1017 1944 1183 1991 ceteris
1211 1944 1380 1992 vitium

58 2012 240 2059 facilius
266 2009 491 2057 sentitur:
541 2007 589 2055 in
624 2007 887 2072 periphrasi
916 2010 1101 2058 nouitas
1133 2010 1324 2074 placet
1310 2029 1381 2057 m-

59 2078 271 2138 ventori‚
309 2089 375 2136 vt,
394 2075 486 2133 nisi
509 2074 605 2122 acii
631 2074 781 2122 valeat
802 2092 962 2135 sensu,
997 2093 1179 2139 suaque
1202 2078 1381 2136 omnia,

59 2161 300 2210 tamquam
332 2144 503 2204 aliena,
553 2158 723 2190 seuero
756 2141 940 2190 iudicio
975 2156 1182 2208 spectet,
1241 2144 1382 2192 facile

8 2222 11 2255 ἒ
60 2210 357 2277 petiphrasin
381 2209 598 2274 frigidam
620 2209 849 2274 praeferat
870 2210 1017 2258 verbo
1036 2210 1248 2275 ploprio.
1295 2210 1383 2258 Di-

62 2294 193 2328 xerat
221 2292 381 2325 noster
411 2282 576 2325 sect.5
549 2296 606 2338 o,
642 2293 668 2323 e
698 2275 804 2323 solo
834 2277 1057 2325 nouitatis
1083 2276 1243 2325 studio
1270 2295 1384 2324 cum

12 2377 15 2394 t
66 2347 155 2395 alia
185 2361 287 2393 tum
321 2343 462 2391 huius
500 2343 682 2410 generis
715 2343 826 2392 vitia
858 2343 1013 2405 nasci,
1061 2357 1107 2391 et
1140 2344 1213 2392 sui
1236 2345 1383 2393 etiam

14 2438 17 2466 1,
65 2412 293 2477 temporis
310 2411 563 2476 scriptores
582 2413 741 2458 insana
761 2428 995 2458 nouarum
1013 2411 1272 2458 formarum
1299 2431 1383 2459 cu-

1 2523 3 2525 .
64 2480 271 2558 piditate
297 2492 425 2526 actos
455 2480 609 2527 fuisse.
679 2477 778 2525 Sed
801 2477 931 2525 omni
953 2493 1100 2526 aetate
1121 2478 1271 2543 inepti
1294 2479 1383 2527 ho-

0 2543 2 2573 3
67 2548 216 2602 mines
257 2547 310 2594 in
349 2559 440 2593 tam
481 2546 600 2608 lato,
655 2546 740 2610 qui
776 2545 950 2611 aperiri
984 2559 1165 2610 potest,
1216 2563 1384 2610 campo

69 2614 227 2679 (quod
253 2615 377 2662 enim
402 2631 594 2672 nomen,
625 2611 760 2675 quod
781 2613 978 2662 verbum
1001 2631 1096 2662 non
1123 2613 1387 2660 obnoxium

22 2715 23 2729 ³
68 2697 138 2732 est
163 2680 480 2749 perlphra812)
514 2697 564 2729 se
592 2679 780 2728 iactant.
845 2680 906 2728 Et
931 2697 1051 2745 quae
1070 2682 1326 2745 pretiosae
1361 2697 1386 2725 a

846 2746 944 2794 h2

1251 2860 1272 2887 S
