1752 3118
306 289 399 339 ET
432 285 784 338 SCRIPTIS
817 286 1172 340 LONGINI.
1253 309 1415 343 Lxxm

686 424 724 489 §.
757 423 841 473 IV.

199 528 308 611 Ipse
340 528 584 596 Longinus
618 531 669 578 in
701 529 997 580 Praefatione
1028 531 1272 579 luculenta
1303 529 1417 578 lib1i

102 601 217 661 περὶ
239 594 446 656 τέλους,
479 616 620 663 quam
640 598 970 663 Porphyrius
957 617 1006 646 ln
1028 599 1141 646 Vita
1164 597 1342 646 Plotini
1368 615 1416 661 p.

107 682 212 726 127.
248 666 572 725 conseruauit,
629 680 811 726 narrat,
864 683 914 713 se
948 666 1006 713 ab
1042 664 1234 713 ineunte
1268 678 1417 712 aetate

102 749 212 778 cum
237 733 510 795 parentibus
539 732 722 780 multa
709 732 876 781 ltinera
905 732 1107 793 obiisse,
1142 731 1316 779 multas
1341 748 1418 779 re-

101 798 266 860 giones
292 800 541 859 lustrasse,
574 814 621 849 et
643 815 835 862 omnes,
871 799 956 863 qui
985 799 1198 847 clarum'
1186 817 1236 846 m
1260 798 1418 863 philo-

100 865 272 930 sophia
304 883 479 914 nomen
513 866 769 930 haherent,
818 884 902 931 per
929 866 1052 914 hanc
1084 864 1418 930 peregrinandi

101 933 508 997 opportunitatem
530 933 716 983 vidisse.
776 934 846 982 Ex
864 951 989 998 quo,
1026 946 1246 999 quantam
1271 932 1419 981 facul·

99 1012 240 1047 tatem
279 999 501 1049 habuerit
530 1001 700 1065 optimi
731 1001 961 1065 cuiusque
997 1000 1204 1076 magistri
1230 999 1319 1047 sibi
1351 1000 1419 1047 lea

100 1066 270 1127 gendi,
306 1068 442 1114 facile
465 1066 666 1115 iudicari
687 1081 855 1132 potest.
922 1067 994 1115 Ex
1016 1066 1274 1115 Platonicis
1295 1065 1419 1115 vidit

97 1132 372 1193 Euclidem,
399 1134 754 1195 Democritum,
775 1134 1050 1183 Proelinum
1065 1170 1080 1194 ‚
1103 1133 1419 1182 Ammonium

98 1199 322 1261 Saccam‚
350 1200 633 1264 Origenem,
656 1201 900 1248 Plotinum
915 1238 930 1259 ,
955 1201 1224 1259 Amelium,
1250 1200 1420 1248 Theo-

100 1266 268 1315 dotum
282 1304 299 1327 ‚
318 1267 590 1315 Eubulum:
613 1285 638 1315 e
652 1267 824 1315 Stoicis
838 1267 1241 1326 Themistoclem,
1261 1265 1420 1314 Phoe-

98 1333 321 1397 bionem,
360 1335 572 1382 Annium
583 1371 599 1394 ,
637 1334 886 1394 Medium,
922 1334 1234 1394 Herminum,
1269 1333 1421 1399 Lysi-

100 1401 327 1449 maehum
341 1438 356 1460 ,
378 1401 705 1464 Athenaeum,
730 1401 1039 1449 Musonium:
1066 1419 1122 1449 ex
1141 1400 1422 1465 Peripateti-

105 1466 171 1514 cis
183 1467 502 1519 Heliodorum
513 1468 906 1528 Alexandrinum,
920 1468 1246 1528 Ammonium‚
1263 1467 1423 1516 Ptole-

103 1551 307 1583 maeum.
347 1535 575 1591 Quorum
586 1536 818 1595 omnium,
832 1535 871 1581 si
884 1535 1196 1582 Ammonium
1210 1534 1422 1594 Saccam,

103 1600 362 1664 Origenem
379 1638 391 1659 ,
435 1601 678 1649 Plotinum
721 1616 766 1650 et
790 1602 1031 1649 Amelium
1074 1601 1302 1665 excipias,
1345 1602 1424 1651 vix

103 1669 256 1715 tenuis
269 1668 437 1715 notitia
455 1665 519 1715 'ad
545 1685 632 1715 nos
655 1668 887 1732 peruenit,
915 1682 1168 1733 propterea
1186 1666 1321 1733 quod
1339 1668 1421 1717 alii

100 1734 221 1782 nihil
255 1735 404 1783 literis
439 1733 780 1798 prodiderunt,
817 1735 1020 1783 aliorum
1044 1735 1194 1782 libros
1221 1747 1422 1784 vetustas

100 1800 367 1866 intercepit.
403 1802 707 1850 Democritus
726 1801 915 1866 scripsit
938 1801 1342 1850 Commentarium
1362 1803 1415 1851 in

99 1868 312 1917 Platonis
338 1867 668 1928 Alcibiadem,
706 1886 852 1934 quem
869 1868 1031 1917 laudat
1043 1867 1424 1935 Olympiodorus

102 1936 456 1984 Commentario
481 1936 586 1983 MS.
614 1939 665 1983 in
693 1935 898 1984 eundem
927 1935 1170 2000 dialogum
1193 1954 1242 2000 p.
1270 1953 1347 1999 29.
1371 1937 1426 1984 Β.

1333 2006 1426 2015 ———

105 2016 175 2063 To
210 2011 271 2062 εὖ
304 2011 485 2075 λέγεις,
520 2014 548 2061 ὁ
570 2016 669 2077 μὲν
692 2013 1019 2080 Δημόκριτος
1049 2013 1269 2089 ἐπίκλην
1288 2034 1426 2077 xva,

102 2089 236 2140 διότι
266 2091 623 2155 μετρούμενον
657 2092 759 2139 ‘td'
743 2092 913 2155 ὄνομα
945 2092 1116 2140 αὐτοῦ
1136 2112 1250 2155 χνα
1288 2093 1350 2156 (i.
1385 2107 1430 2141 e.

104 2162 194 2207 651
205 2158 236 2220 .)
265 2166 422 2216 ποιεῖ,
455 2179 519 2216 ως
546 2159 651 2207 dno
670 2156 984 2223 Σωκράτους
1010 2158 1287 2222 ἐκδῂιετοιι.
1316 2160 1346 2207 ὁ
1369 2159 1428 2208 δὲ

104 2225 430 2287 Δαμάσκιος,
463 2246 527 2283 ως
548 2226 653 2274 ἀπὸ
680 2225 1046 2285 Ἀλκιβιάδου.
1081 2231 1177 2274 καὶ
1206 2227 1427 2289 ἄμεινον

105 2296 164 2341 τὸ
190 2291 483 2357 δεύτερον.
469 2308 582 2341 item
599 2292 1036 2341 Commentarium'
1023 2313 1073 2341 m
1090 2293 1396 2342 Phaedonem
1409 2331 1425 2357 ,

105 2360 188 2424 qui
219 2360 276 2406 ab
301 2359 469 2408 eodem
497 2359 853 2443 Olympiodoro
874 2361 925 2407 in
949 2360 1155 2410 eundem
1178 2360 1428 2423 dialogum

104 2441 528 2475 commemoratur·
566 2425 687 2476 “Orc
713 2431 810 2493 τήν
837 2428 959 2492 γῆν,
1002 2432 1054 2477 οἱ
1077 2430 1178 2492 μὲν
1217 2428 1428 2492 α’σωμαα

106 2513 196 2541 τον
223 2498 354 2556 φασὶ
378 2498 473 2559 τήν
498 2494 742 2543 ενταῦθα
763 2494 1071 2560 λεγομένην,
1105 2499 1157 2543 οἱ
1178 2494 1234 2544 δὲ
1258 2511 1428 2559 σωμα-

106 2560 273 2626 τικην.
309 2564 402 2608 καὶ
435 2561 634 2610 τούτων
668 2559 794 2610 ὅλον
821 2564 921 2624 μὲν
946 2566 1038 2611 τὸν
1062 2561 1276 2624 κόσμον,
1311 2563 1429 2625 ‘Ao-

105 2628 415 2690 ποκοατίων,
442 2631 535 2677 τὸν
556 2627 612 2676 δὲ·
634 2628 737 2677 ὑπὸ
762 2631 846 2677 σε)
836 2628 1000 2711 ηνην,
1030 2629 1296 2692 Θεόδωρος.
1324 2630 1428 2678 τῶν

80 2705 82 2707 ’
106 2694 161 2743 δὲ
185 2694 495 2758 α’σωιιιιτων,
529 2698 624 2761 τήν
652 2698 751 2758 μὲν
774 2694 921 2746 ιδὲαν
944 2696 1295 2763 Δημόκριτος,
1330 2700 1429 2762 τήν
