1718 3122
315 261 397 301 532
649 255 882 297 NOTAE.
911 254 994 296 Ao
1030 242 1312 296 LONG1N'1

319 372 481 414 TEPA
506 334 972 413 POHH2.Cete1-um
997 370 1083 409 huc
1110 370 1212 410 facit
1237 370 1384 409 Cicero
1398 370 1493 411 Nat.
1515 370 1638 410 Deor.

314 431 365 471 11.
401 429 468 480 37.
495 430 614 468 Hinc
634 440 707 480 ego
731 440 811 465 non
832 429 952 465 mirer
970 442 1054 466 esse
1077 441 1340 480 quemquam,
1363 442 1436 480 qm
1450 428 1528 465 sibi
1546 442 1641 479 per-

315 479 506 532 suadeat,
535 495 704 534 corpora
723 483 923 536 quaedam
938 482 1069 521 solida
1095 491 1218 536 atque
1242 482 1459 521 ἰηᾰιιιίιίαα
1484 485 1525 522 V
1520 485 1549 521 I
1563 483 1647 522 ET

317 539 680 580 GRAVITATE
694 539 801 591 ferri
809 566 823 584 ‚
851 539 1122 591 mundamque
1147 540 1255 589 effici
1280 541 1510 577 ornatissin
1514 553 1580 578 um
1605 545 1645 575 ec

311 595 623 650 pulcherrimum
655 607 703 632 ex
737 607 871 632 eorum
906 607 1117 646 corporum
1145 597 1409 633 concursione
1428 594 1646 656 firtuita.
1625 595 1646 622 '²

317 650 410 689 Tov
412 663 453 687 1²1
462 665 517 690 vs.
574 648 627 688 Et
647 647 954 687 distinctionem
971 650 1199 688 verborum
1216 655 1259 687 et
1277 649 1550 688 mutationem
1571 646 1648 688 τοῦ

315 720 480 757 sponna
507 706 552 743 in
585 702 724 756 ῥοπην
759 711 1034 756 proposuerat
1061 704 1215 746 Morus.
1272 703 1355 756 Ego
1382 703 1491 742 nihil
1514 710 1647 742 muto.

319 764 376 802 (l'
360 779 374 800 ι,
395 768 456 800 est
475 756 564 801 Δια
581 761 633 799 τί
663 758 916 798 Referuntu‘r
938 759 1049 798 inter
1071 773 1114 798 se
1140 762 1196 799 Τι’
1210 773 1292 814 γαρ
1311 763 1339 808 ἡ
1353 759 1427 800 τοῦ
1448 758 1643 814 πνεύμα-

313 831 387 861 τος
408 823 486 855 etc.
514 821 559 853 et
576 815 633 853 Τί
650 812 694 852 δὲ
715 813 795 854 τῶν
817 812 989 867 ἀτόμων
1008 820 1088 853 etc.
1143 815 1193 853 In
1212 815 1438 866 posteriori
1454 816 1646 852 membro

315 872 359 913 δὲ
386 872 445 909 ita
475 869 655 935 positum
682 875 765 916 est,
793 874 840 906 vt
866 869 901 905 si
920 868 1059 931 μὲν111
1079 869 1213 920 priori
1231 870 1518 909 antecederet:
1548 883 1646 909 nam

270 934 275 941 ‘
319 929 376 967 Tc
395 927 472 988 μὲν
493 937 576 976 γαρ
598 922 766 972 (diserte
784 923 925 961 addita
944 923 1153 975 particula
1174 926 1268 979 μὲν)
1293 925 1440 962 durius
1461 925 1647 963 videtur.

316 981 399 1020 Sed
430 978 646 1018 distinctio
679 980 736 1018 Τί
764 977 832 1029 35,-
859 978 940 1019 τῶν
965 994 1031 1018 ατ.
1050 979 1153 1017 facit
1182 980 1415 1018 orationem
1437 980 1546 1018 iusto
1566 993 1646 1018 ve-

315 1035 624 1076 hementiorem
661 1040 703 1073 et
733 1034 1007 1073 declamatori
1038 1034 1334 1087 intempestiua
1363 1034 1647 1087 indignatione

314 1089 607 1130 exardescenti
634 1089 1043 1137 conuenientiorem,
1071 1103 1194 1141 quam
1222 1090 1473 1142 philosopho
1507 1090 1646 1129 sedate

264 1139 267 1145 ¹
311 1146 559 1199 disputanti.
615 1144 795 1197 Piopter
822 1158 906 1196 seq.
938 1144 1102 1198 τροπὴν
1122 1145 1328 1198 equidem
1333 1146 1477 1194 malim
1499 1145 1648 1186 τοιαύ-

312 1219 415 1251 τηνι
443 1214 540 1240 nam
565 1199 773 1250 τοσαύτην
790 1207 952 1239 tantum
962 1201 1024 1239 ad
1047 1200 1229 1256 δύναμιν
1250 1208 1392 1264 aptum
1413 1208 1486 1241 est
1543 1202 1647 1240 Sei-

312 1258 413 1296 vaui
442 1263 580 1296 autem
609 1270 793 1310 vocum),
833 1256 929 1308 quia
950 1255 1155 1308 Epicuius
1180 1264 1339 1295 atomos
1367 1257 1410 1294 in
1440 1264 1645 1309 perpetuo

305 1327 392 1365 per
413 1312 659 1351 vniuersum
681 1319 800 1351 motu
816 1313 1024 1350 statuebat
1041 1311 1287 1379 συγκρούειν
1300 1312 1411 1350 intel
1436 1325 1478 1351 se
1502 1319 1544 1350 et
1565 1327 1644 1352 πε-

313 1370 614 1421 ριπλέκεσθαι,
641 1374 762 1420 atque
781 1367 907 1406 etiam
928 1370 1154 1409 κλίνεσθαι
1171 1384 1277 1417 την
1266 1367 1539 1420 περιπλοκην.
1568 1368 1644 1406 His

311 1424 454 1462 verbis
474 1424 562 1475 ipse
584 1423 629 1461 in
649 1422 823 1490 epistola
844 1424 954 1474 apud
971 1423 1199 1475 Diogenem
1217 1424 1360 1462 vtitur.
1389 1423 1496 1461 Hinc
1515 1423 1643 1462 etiam

311 1478 530 1519 Lucretius
552 1479 701 1517 atomis
721 1477 768 1519 to*
788 1480 940 1518 clinare
957 1485 1000 1517 et
1014 1481 1215 1518 clinamen
1236 1479 1396 1517 tribuit.
1432 1479 1540 1531 Ergo
1553 1493 1646 1519 τοι-

312 1534 446 1584 αὐτην
467 1532 632 1587 τροπήν
651 1541 713 1572 est
731 1536 852 1573 talem
868 1538 1044 1574 inmota
1059 1550 1132 1574 suo
1155 1538 1464 1574 conuersionem.
1521 1534 1645 1581 Quod.

311 1591 366 1629 ad
393 1590 542 1644 σχῆμα
570 1590 778 1642 pertinet,
814 1589 1020 1642 Epicurus
1048 1591 1093 1628 in
1127 1591 1275 1629 eadem
1302 1590 1355 1629 ad
1384 1590 1645 1629 Herodotum

313 1645 489 1698 epistola
516 1646 679 1697 saepius
708 1646 790 1684 hoc
822 1641 986 1696 monet,
1035 1646 1183 1684 atomis
1211 1659 1288 1699 per
1315 1659 1359 1684 se
1389 1646 1498 1684 nihil
1528 1645 1643 1684 aliud

310 1700 444 1739 tribui
457 1713 574 1751 posse
587 1729 599 1749 ,
627 1714 749 1752 quam
766 1700 915 1754 σχῆμα
928 1731 939 1750 ,
968 1701 1105 1756 βάρος
1124 1708 1167 1739 et
1184 1704 1376 1756 μέγεθος.
1443 1714 1446 1716 ’
1487 1714 1489 1716 “

398 1755 538 1811 Οἶμαι
577 1754 655 1810 μὲν
692 1771 747 1799 ως
754 1785 769 1804 ‚
811 1756 924 1810 οὐδ’]
973 1757 1164 1808 Intellige
1196 1770 1249 1795 ex
1283 1764 1416 1795 antec.
1441 1756 1642 1805 τοιαύτην

308 1816 402 1862 (aut
423 1810 648 1860 τοσαύτην)
665 1810 885 1878 δύναμιν”
865 1826 971 1863 εχοι.
997 1811 1151 1850 Fabula
1165 1812 1217 1850 de
1236 1812 1353 1850 miris
1371 1812 1436 1851 his
1462 1813 1642 1852 Vulcani

313 1867 510 1919 operibus
533 1866 797 1905 exstatlliad.
819 1865 853 1907 σ’
864 1895 876 1915 ,
899 1868 995 1918 373.
1017 1881 1067 1903 sS.
1085 1873 1127 1904 et
1147 1870 1242 1931 4,]7.
1261 1881 1311 1905 ss.

394 1921 456 1986 μή
469 1924 508 1962 τί
517 1936 561 1976 γε
570 1920 638 1973 δη]
651 1923 808 1969 nedum,
818 1922 1006 1960 refertur
1016 1922 1068 1959 ad
1081 1921 1173 1961 οὐδ
1184 1929 1233 1971 εἰ,
1244 1937 1293 1961 ne
1310 1923 1643 1976 siquidem.Mo1³.·

392 1977 477 2018 τῶν
510 1982 554 2017 ἐκ
585 1977 855 2032 ταυτομάτου
874 1975 1130 2040 zpnyptitwv]
1156 1976 1372 2016 Nonnulla
1393 1978 1463 2016 hic
1496 1979 1639 2018 deesse

308 2033 521 2081 videntur,
549 2033 622 2071 sed
645 2046 789 2071 sensus
807 2033 981 2085 Longini
1014 2033 1110 2071 satis
1133 2033 1375 2071 manifestus
1403 2039 1486 2083 est,
1516 2049 1641 2087 quem

303 2101 394 2127 -non
414 2089 524 2127 male
545 2088 731 2140 explicat
752 2089 927 2129 Tollius.
957 2087 1166 2127 Tovmvs
1222 2088 1287 2127 Sc.
1308 2104 1468 2140 τυχων,
1497 2098 1545 2128 vt
1563 2104 1641 2129 an-

299 2151 400 2193 tea,
443 2149 482 2184 εἰ
513 2143 637 2196 τύχοι
666 2144 746 2185 τῶν
776 2143 998 2197 τριπόδων.
1055 2143 1138 2182 Sed
1165 2157 1268 2196 quae
1294 2144 1507 2198 ψήγματα
1534 2146 1642 2195 sint,

303 2199 364 2237 de
391 2213 473 2251 quo
494 2200 626 2238 veibo
645 2200 699 2237 ad
717 2199 832 2252 Long
835 2201 889 2238 in.
915 2212 987 2248 10,
1010 2212 1046 2250 7.
1077 2200 1333 2249 monuimus,
1359 2200 1565 2240 difficilius
1587 2202 1639 2241 ad

309 2255 630 2306 intelligendum
650 2255 850 2294 videtur
891 2254 1004 2293 Illud
1031 2254 1228 2306 adparet,
1258 2262 1417 2293 atomos
1434 2256 1636 2306 describi,

259 2349 262 2351 Α
300 2323 413 2361 >quae
442 2317 617 2362 propter
651 2311 944 2362 exiguitatem,
980 2317 1052 2349 aut
1076 2310 1271 2360 quoniam
1302 2316 1442 2362 partes
1469 2319 1582 2361 sunt,
1613 2326 1637 2351 e

311 2365 474 2416 quibus
495 2366 635 2403 omnia
669 2373 1000 2417 componuntur,
1041 2365 1244 2417 adpellari
1276 2366 1387 2404 forte
1421 2366 1638 2422 ψηγμαῑα

298 2425 496 2472 possunt.
534 2420 689 2459 Monvs.
743 2421 980 2460 Secundum
1016 2420 1125 2459 hanc
1163 2420 1271 2459 Mori
1311 2422 1635 2473 explicationem

304 2475 412 2514 nihil
441 2475 655 2518 videbitur
686 2475 841 2516 deesse.
898 2477 1021 2524 Quod
1047 2476 1082 2514 Γ
1086 2490 1232 2527 oupius
1262 2476 1390 2524 dixit,
1420 2491 1503 2516 non
1525 2480 1635 2517 male

305 2541 473 2569 sensum
490 2531 745 2582 explicatum
767 2545 852 2571 esse
870 2547 895 2571 a
909 2532 944 2570 Γ
947 2532 1072 2581 01110
1099 2530 1212 2570 haud
1232 2531 1357 2572 dubie
1377 2507 1513 2571 banc
1500 2548 1635 2585 ipsam

298 2585 426 2625 -Mori-
445 2586 771 2638 explicationem
791 2587 1023 2639 significare
1055 2586 1206 2628 voluit
1259 2586 1366 2625 Nam
1395 2588 1557 2627 Tollius
1581 2590 1634 2629 ad

297 2639 410 2680 -hnec
434 2641 564 2682 verba
581 2641 707 2693 plane
725 2642 848 2687 1111111.
