1752 3118
138 237 437 282 LONGINL
459 237 538 278 DE
565 234 732 287 SVBL.
761 234 939 276 SEc'r.
959 234 1240 276 XLI-XLIII.
1297 237 1376 278 143

60 354 211 416 dunt,
246 352 540 415 adfectuque
573 362 768 410 vacant,
815 365 874 396 ac
907 361 1110 413 propter
1144 348 1379 404 similitu-

60 444 226 493 dinem
285 439 424 490 facile
469 438 755 487 sentiuntur.
835 435 938 485 Sed
991 432 1154 497 aliud,
1223 436 1378 503 idque

56 535 196 583 facile
228 531 516 598 pessimum,
564 527 796 593 sequitur.
865 526 1030 584 Quem
1073 524 1138 572 ad
1171 525 1380 575 modum

59 625 187 674 enim
231 619 399 675 odaria
446 616 695 667 auditores
737 637 764 666 a
811 635 864 666 re
912 617 1176 664 abstractos
1218 614 1280 664 ad
1329 634 1380 665 se

55 716 158 781 ipsa
205 711 426 776 rapiunt,
479 709 544 757 ita
590 708 732 756 nimis
777 724 1036 757 numerosa
1083 706 1236 754 oratio
1277 724 1381 755 non

56 804 299 852 adfectum
342 799 442 862 rei,
485 798 572 848 sed
607 799 797 847 numeri
830 799 882 846 in
918 795 1223 844 auditoribus
1261 795 1381 855 ciet,

55 907 105 942 vt
160 889 435 947 interdum,
515 889 746 953 quoniam
799 887 1070 936 necessario
1131 900 1379 935 secuturas

56 982 294 1030 clausulas
332 981 742 1045 praesentiscunt‚
789 977 910 1025 dum
945 991 1107 1026 orator
1141 976 1381 1042 loquitur,

54 1072 148 1136 ipsi
185 1070 247 1119 ad
282 1087 544 1120 numerum
578 1068 792 1135 pedibus
826 1067 1141 1133 supplodant,
1167 1065 1382 1115 numeri*

56 1180 154 1226 que
199 1179 424 1219 cursum,
470 1173 524 1206 vt
566 1157 617 1204 in
665 1157 818 1205 choro
865 1157 1109 1222 quodam,
1153 1171 1263 1204 ante
1297 1155 1382 1203 εὼ-

54 1250 258 1298 soluant.
351 1246 585 1297 Similiter
639 1246 858 1295 membra
907 1247 1051 1295 nimis
1107 1259 1378 1306 coarctata,

56 1339 208 1404 inque
242 1338 413 1387 breuia
450 1351 498 1385 et
529 1338 697 1402 paucis
727 1337 925 1404 syllabis
951 1337 1214 1385 constantia
1234 1334 1385 1384 verba

59 1429 269 1489 concisa,
304 1445 360 1474 ac
396 1427 533 1475 velut
569 1426 720 1474 clauis
754 1427 945 1475 incisim
978 1442 1024 1476 et
1050 1444 1217 1493 aspere
1244 1443 1384 1504 com-

56 1531 221 1582 pacta‚
256 1535 282 1564 a
317 1515 649 1581 magnitudine
684 1517 965 1566 abhorrent.

512 1617 548 1664 S
559 1617 598 1663 E
614 1616 652 1663 C
667 1615 727 1663 T.
761 1615 923 1665 XLII.

54 1683 259 1753 Minuit
302 1723 455 1771 porro
501 1705 850 1755 sublimitatem
898 1705 1150 1755 concisum
1184 1704 1385 1754 dicendi

56 1812 235 1859 genus,
284 1796 519 1861 quoniam
565 1796 847 1862 magnitudo
881 1796 933 1844 in
969 1811 1224 1861 angustum
1261 1814 1386 1844 con-

55 1900 205 1934 tracta
241 1887 506 1935 mutilatur.
576 1886 755 1953 Neque
797 1901 960 1936 tamen
996 1887 1172 1936 iustam
1207 1887 1385 1936 breui-

1415 1254 1444 1298 Q]

58 1989 202 2023 tatem
254 1976 463 2040 intelligi
530 1978 673 2036 v0103
752 1977 838 2026 sed
890 1978 1169 2026 minutatim
1220 1978 1384 2042 potius
1422 1991 1428 1997 ‘

60 2064 326 2113 concisam:
380 2067 595 2115 concisio
648 2067 778 2115 enim
812 2067 1003 2126 (vitiosa
1034 2067 1269 2127 breuitas)
1304 2068 1386 2116 le-

60 2154 206 2201 ctoris
241 2155 456 2202 animum
489 2155 710 2222 impedit,
746 2157 957 2206 breuitas
994 2156 1154 2216 (iusta)
1188 2156 1385 2223 produ-

61 2244 126 2290 cit
159 2243 330 2292 itinere
365 2260 512 2295 recto.
550 2246 736 2295 Rursus
770 2261 978 2295 tractum
1012 2247 1155 2294 nimis
1179 2246 1382 2296 dicendi

59 2351 239 2396 genus,
275 2349 476 2399 propter
508 2336 821 2386 immodicam
853 2336 1211 2403 longitudinem
1245 2338 1384 2386 laxa-

60 2436 191 2486 tum,
228 2424 446 2489 exspirat.

493 2516 527 2564 S
542 2516 580 2563 E
593 2516 631 2564 C
641 2515 699 2566 T.
750 2516 935 2567 XLIII.

61 2577 412 2645 Dehonestant
430 2595 816 2659 magnitudinem
842 2597 984 2646 etiam
1004 2595 1211 2644 humilia
1225 2595 1385 2645 verba.-
