1752 3118
309 282 392 315 222
594 268 823 310 NOTAE
862 269 944 309 AD
986 268 1069 309 DE
1097 268 1350 312 SVBLIM.

309 384 386 435 τήν
396 381 568 438 Ῥώμην,
579 381 628 423 τό
646 381 749 437 παρ’
771 380 878 440 αὐτῇ
899 381 984 433 miv}
996 381 1183 436 πάτριον
1210 384 1374 424 θυσίαν
1398 383 1637 436 Ἑλληνικήν

309 439 496 491 εἶναιτῷ
523 440 729 491 Ἡρακλεῖ.
805 438 865 477 Cl.
899 438 1064 477 Vossius
1095 438 1140 476 in
1175 451 1302 490 opere
1331 440 1554 490 praeclaro
1585 443 1636 480 de

309 497 466 536 Histor.
496 493 630 533 Latin.
651 495 681 533 l.
707 496 742 533 8.
760 494 819 532 ita
850 493 1011 543 reddit,
1047 495 1244 534 Caecilius
1265 509 1399 534 rerum
1421 499 1636 537 Romana-

309 568 399 593 rum
417 554 588 603 scriptor
598 564 615 597 ;
642 549 744 602 quin
773 549 899 588 etde
934 555 1080 588 nostro
1109 549 1289 588 Caecilio
1321 550 1540 603 intelligit,
1597 559 1638 592 et

308 608 364 648 ad
385 607 497 646 hunc
518 606 676 644 librum
694 606 743 645 de
765 605 874 643 bellis
891 607 1101 644 seruilibus
1120 605 1268 645 refert.
1325 606 1406 644 Sed
1424 620 1527 658 pace
1552 608 1638 646 viri

309 661 606 708 eruditissimi,
636 661 661 701 o‘
687 659 768 701 τῶν
794 661 1013 715 Ῥωμαίων
1041 661 1304 715 συγγραφεύς
1336 669 1397 700 est
1427 665 1640 702 Romanus

306 722 500 771 Scriptor.
557 716 696 763 Quare
722 716 946 768 legendum
974 716 1144 755 videtur
1173 718 1282 770 apud
1316 717 1576 768 Strabonem,
1603 717 1639 771 ,ὁ

307 775 391 816 τῶν
410 771 651 827 Ῥωμαϊκῶν
683 771 959 826 συγγραφεύς,
983 787 1115 812 rerum
1147 775 1425 813 Romanarum
1451 778 1636 828 scriptor.

306 828 361 870 Et
377 830 458 869 hoc
476 842 637 867 verum.
664 829 840 868 ΚΑΤΑ
860 829 1137 876 ΦΡΤΓΩΝ,
1167 830 1471 884 AYOQContra
1500 832 1637 884 Phry-

307 901 394 938 ges,
424 885 523 922 daos
542 885 673 922 libros.
712 882 873 922 Suidas,
905 885 1163 923 ΕΚΛΟΓΗ
1181 884 1441 928 ΛΕΞΕΩΝ
1460 887 1639 926 ΚΑΤΑ

310 940 664 987 ΣΊὈῙΧΕΙΟΝ,
703 939 998 979 Vocabulorum
1018 939 1192 977 delectus
1214 942 1349 980 ordine
1371 942 1638 993 alphabetico,

309 997 470 1036 Suidas.
500 994 552 1033 Et
577 994 635 1031 sic
659 994 814 1044 legitur
839 994 884 1031 in
906 993 1102 1045 Catalogo
1122 993 1398 1045 Scriptorum,
1421 1009 1473 1034 ex
1493 998 1639 1047 quibus

308 1051 454 1091 Suidas
474 1063 548 1087 sua
572 1048 870 1100 depromserit:
908 1051 1141 1093 Καικίλιος
1170 1050 1435 1099 Σικελιώτης,
1465 1051 1638 1105 ἐκλογήν

307 1109 450 1155 λέξεων
467 1104 580 1146 κατά
603 1108 798 1156 ςοιχεῖον.
827 1103 940 1156 quod
964 1105 1204 1144 notandum.
1232 1108 1391 1145 ΠΕΡΙ
1424 1108 1639 1156 ΥΨΟΥΣ,

307 1167 376 1204 De
402 1163 670 1201 Sublimitate.
702 1166 850 1198 contra
877 1173 1001 1211 quem
1036 1160 1203 1215 scripsit
1224 1159 1446 1213 Longinus,
1502 1164 1639 1215 Atque

306 1219 410 1258 haec
442 1218 492 1255 de
526 1216 692 1268 scriptis
719 1215 909 1264 Caecilii,
950 1229 1055 1267 quae
1083 1216 1201 1255 nobis
1233 1218 1382 1256 saltem
1425 1225 1640 1270 comperta

309 1280 415 1313 sunt.
464 1272 667 1312 Tovmvs.
713 1269 916 1309 Litteram
967 1286 985 1311 ε
1018 1285 1095 1323 pro
1129 1287 1179 1312 αι
1204 1272 1248 1310 in
1277 1274 1442 1313 caecilii
1469 1274 1639 1312 nomine

303 1331 466 1369 Graece
490 1328 646 1379 scripto
668 1326 893 1365 defendere
912 1340 933 1364 e
957 1327 1075 1365 codd.
1107 1341 1200 1366 cum
1229 1327 1349 1366 Moro
1379 1329 1525 1369 nolim.
1590 1329 1640 1367 In

306 1382 646 1425 talibus‹librarii
666 1381 814 1420 Graeci
844 1395 964 1434 saepe
991 1389 1238 1434 peccarunt.
1302 1383 1364 1422 lta
1391 1385 1473 1423 hoc
1501 1386 1639 1437 ipsum

246 1452 249 1459 ·
307 1453 460 1480 nomen
481 1439 590 1491 apud
608 1436 884 1476 Plutarchum
917 1438 962 1475 in
989 1438 1079 1476 vita
1105 1438 1396 1477 Demosthenis
1427 1454 1461 1478 c.
1496 1441 1534 1480 3.
1561 1453 1638 1492 per

309 1513 328 1537 ε
349 1496 549 1534 scribitur
569 1495 612 1532 in
634 1493 756 1532 codd.
776 1499 818 1531 et
839 1493 956 1532 editt.
979 1494 1166 1533 vetustis.
1222 1494 1269 1532 In
1298 1494 1403 1533 locis
1430 1509 1483 1534 ex
1508 1496 1639 1534 Athe—

308 1566 411 1592 naeo
423 1549 662 1589 maiusculis
680 1548 834 1586 litteris
859 1549 1026 1587 initium
1045 1550 1224 1588 nominis
1238 1550 1503 1589 scribendum
1526 1558 1638 1589 erat:

306 1606 398 1649 οἷπό
416 1605 564 1654 Καλῆς
593 1603 748 1652 Ἀκτῆς.
804 1603 877 1642 Est
900 1605 1011 1643 enim
1033 1606 1197 1657 proprii
1221 1606 1400 1644 nominis
1431 1607 1640 1656 vetustior

304 1665 455 1703 forma.
515 1661 730 1713 Oppidum
749 1672 900 1711 nempe
923 1660 1092 1699 Siciliae
1117 1662 1280 1700 Calacte
1312 1663 1332 1714 (
1345 1654 1562 1724 contracto
1593 1662 1639 1700 in

306 1732 437 1759 vnum
455 1718 639 1764 nomine)
667 1714 803 1768 patria
822 1714 993 1753 Caecilii
1016 1722 1118 1755 erat.

391 1771 687 1824 ταπεινότερον
715 1768 854 1821 ἐφάνη
902 1770 975 1819 τῆς
1014 1767 1111 1820 ὅλης
1172 1774 1414 1825 αοθὲσεως]
1467 1771 1636 1811 Pearcio

307 1831 512 1882 scriptum
540 1828 730 1867 videtur:
775 1825 1070 1879 ταπεινότερον
1100 1826 1240 1879 ἐφάνη
1262 1828 1334 1877 τῆς
1353 1826 1451 1877 ὕλης
1469 1828 1637 1868 ’ὑποθέ-

308 1902 422 1933 σεως,
453 1898 505 1922 ex
529 1883 775 1931 imitatione,
803 1888 851 1920 vt
866 1882 935 1931 ait,
980 1883 1171 1935 Dionysii
1188 1883 1368 1923 Halicar.
1386 1884 1430 1921 in
1455 1883 1638 1922 Censura

305 1949 439 1983 veter.
461 1940 612 1991 Script.
635 1953 676 1990 p.
696 1938 762 1977 68.
792 1937 873 1976 Sed
895 1938 1102 1990 Longinus
1126 1938 1354 1988 Platonem,
1386 1938 1636 1977 Demosthe-

305 2011 425 2046 nem,
468 2002 508 2034 et
541 1995 716 2043 similes,
745 1993 957 2043 imitatur,
985 2008 1069 2032 non
1101 1994 1348 2046 Dionysium
1369 1994 1636 2032 Halicarnas-

309 2066 484 2093 sensem.
541 2050 629 2088 Nec
651 2049 740 2088 vlla
759 2060 861 2101 opus
885 2056 947 2088 est
980 2050 1222 2089 mutatione.
1296 2051 1403 2089 Nam
1433 2048 1638 2093 ὑπόθεσις

305 2111 421 2150 idem
448 2113 532 2156 est,
574 2106 683 2157 quod
714 2101 789 2154 ὕλη
817 2106 1087 2154 ὑποθέσεως,
1118 2109 1313 2153 materia,
1358 2114 1637 2157 argumentum

307 2168 446 2221 operis.
514 2162 711 2213 Polybius
742 2161 773 2200 Ι.
813 2162 848 2200 5.
889 2163 961 2202 ἵνα
986 2161 1047 2216 μή
1077 2161 1346 2207 οἱνυπόςατος
1376 2162 1403 2214 ᾖ
1426 2161 1497 2210 τῆς
1538 2157 1637 2210 ὅλης

304 2224 549 2264 ὑποθέσεως
568 2217 682 2270 ἀρχή
700 2219 882 2271 γένηται.
912 2217 994 2256 Sed
1004 2218 1146 2256 notior
1169 2225 1231 2256 est
1249 2218 1352 2256 haec
1372 2218 1487 2256 vocis
1510 2217 1636 2268 signi-

306 2278 458 2326 ficatio,
486 2288 608 2326 quam
640 2279 687 2311 vt
721 2273 923 2324 exemplis
959 2273 1199 2311 confirmari
1233 2273 1392 2313 debeat.
1431 2272 1636 2313 Rvnmffi-

306 2348 416 2375 ruva.
458 2331 589 2369 Hunc⁴
611 2329 753 2367 locum
773 2342 994 2380 perperam
1016 2327 1260 2368 sollicitauit
1272 2330 1339 2368 vir
1361 2329 1637 2367 doctissimus.

307 2389 430 2436 Quod
451 2394 492 2426 et
519 2391 635 2424 recte
669 2384 884 2423 adnotavit
912 2386 964 2424 cl.
996 2384 1279 2424 Ruhnkenius.
1345 2385 1463 2423 Nihil
1493 2384 1636 2422 tritius

307 2444 452 2499 phrasi
475 2442 564 2490 illa,
593 2439 665 2488 τῆς
686 2435 785 2488 ὅλης
810 2439 1063 2484 ὑποθέσεως.
1092 2440 1291 2492 Polybius
1318 2440 1347 2480 I.
1378 2442 1415 2480 5.
1457 2438 1633 2481 ’Λνυπό-

307 2515 438 2547 <avoc
457 2498 484 2549 ἡ
502 2496 574 2546 τῆς
592 2492 691 2544 ὅλης
706 2496 950 2540 ὑποθέσεως
971 2495 1086 2549 άρχη
1106 2501 1180 2536 καὶ
1199 2499 1374 2549 θεωρία.
1429 2495 1634 2534 Aristides

308 2557 402 2596 vol.
427 2569 465 2595 2.
499 2568 538 2606 p.
573 2565 666 2603 270.
705 2552 799 2593 Τῶν
830 2553 1007 2605 πρώτων
1038 2551 1360 2608 ἐπιλαθόμενος,
1398 2551 1560 2606 μᾶλλον
1592 2550 1635 2589 δὲ

307 2617 385 2654 καὶ
403 2612 475 2662 τῆς
491 2610 733 2652 ὑποθέσεως
755 2605 863 2657 ὅλης.
922 2608 1174 2649 lamblichus
1192 2610 1242 2647 de
1260 2608 1433 2661 Myster.
1457 2620 1543 2658 cap.
1567 2605 1633 2645 26.

310 2668 399 2720 Τῆς
419 2665 518 2718 ὅλης
534 2666 777 2708 ὑποθέσεως
798 2669 1066 2720 φαινομένης
1085 2664 1211 2719 παραὶ
1230 2668 1319 2708 τοῖς
1349 2662 1510 2718 γόησιν.
1561 2662 1633 2700 Vis
