1718 3122
561 279 1405 338 An·sssc'r=vi1.639

76 413 112 438 0.
134 411 169 450 g.
191 410 269 449 pro
287 401 400 438 ἐστιν
424 402 466 434 et
484 391 790 448 πραιροῧνται
811 406 891 445 pro
918 393 1250 448 παραιροῦνται.
1293 395 1405 445 80(1,

76 468 172 492 011111
187 454 290 493 duae
308 453 474 494 vocales
486 456 763 498 concurrunt,
789 449 914 489 huius
927 452 1095 503 regulae
1107 464 1407 514 nonnunquam

76 509 376 548 obliuiscuntur
400 505 585 557 librarii,
621 512 667 545 vt
686 504 886 558 facillime
908 506 1017 544 alter
1032 507 1220 568 potuerit
1236 507 1415 562 θύρηθὲ

74 579 154 617 pro
180 564 377 618 θύρηθεα
399 563 523 611 dare,
548 561 654 605 alter
678 573 757 612 pro
775 559 969 614 θύρηθεν
988 561 1192 624 accipere.
1205 567 1230 586 ‘⁶
1280 561 1409 615 Equi-

77 621 169 659 dem
186 634 264 674 pro
282 633 351 668 ea,
379 631 503 670 quam
526 630 623 656 cum
642 615 763 656 codd.
782 628 877 658 mss.
896 617 1109 665 contraxi,
1139 619 1403 658 consuetudi-

75 691 127 715 ne
149 677 253 716 haec
277 674 519 715 obseruaui:

136 743 197 796 1)
199 742 377 791 lineam,
407 754 512 794 quae
529 755 611 805 pro
629 734 655 784 ἱ
672 739 859 835 ponitur,
887 746 930 779 et
945 753 1073 792 supra
1091 729 1258 793 vocales
1271 742 1409 796 pingi-

74 806 168 845 tur,
207 771 496 837 tantum'modo
524 798 570 836 in
597 810 675 836 ver
705 810 827 836 orum
854 792 937 835 fine
972 809 1219 848 occurrere,
1262 806 1410 839 contra

76 868 189 903 eam,
227 866 331 905 quae
354 854 673 893 consonantibus
699 852 886 900 additur,
927 865 1112 904 quaeque
1131 856 1161 893 ᾶ
1186 853 1409 906 significat,

74 910 310 963 promiscue
328 915 370 948 et
391 909 437 947 111
460 904 606 948 mediis
628 908 766 949 verbis
790 915 832 946 et
851 906 896 945 in
918 908 1117 946 extremis
1126 910 1244 961 poni.
1288 910 1352 950 Ita
1374 925 1408 950 e.

77 992 112 1029 g.
130 990 208 1028 pro
226 975 419 1020 ἁπαλαῖς
438 977 699 1016 scribebatur
713 968 897 1023 ἀπλαις,
919 987 1024 1026 quae
1042 974 1219 1026 lineola,
1248 977 1425 1030 pallido.

77 1032 259 1071 maxime
296 1038 533 1073 atramento
572 1031 704 1084 picta,
743 1045 838 1070 cum
875 1029 1001 1069 facile
1037 1030 1203 1082 fugeret
1236 1033 1412 1085 legentis

76 1089 272 1135 oculum,
302 1087 417 1128 haud
439 1101 538 1126 raro
560 1087 737 1133 accidit,
772 1093 820 1126 vt
836 1086 919 1126 libr
922 1085 997 1124 arii
1017 1100 1096 1137 pro
1118 1088 1312 1133 ἁπαλαῖς
1333 1089 1410 1128 da-

77 1150 176 1183 rent
195 1116 368 1187 ἁπλαῖς.
406 1142 505 1182 Sic
491 1156 537 1182 111
557 1142 791 1182 Rhet.A1d.
812 1140 950 1190 T0.11,
971 1155 1012 1193 Ρ.
1025 1142 1120 1193 591.
1139 1159 1216 1188 τας
1218 1158 1318 1209 γαρ
1337 1159 1407 1186 σε-

77 1215 190 1254 μνας
219 1202 386 1243 ἐννοίας
415 1198 717 1253 περικαλύψας
743 1199 899 1247 λέξεσιν
925 1196 1156 1248 ἁπλαῖς,
1198 1190 1322 1241 ἅπαν
1358 1216 1422 1242 το·-

75 1257 264 1305 θεατρον
294 1258 524 1310 ἐμέστωσεν
550 1255 595 1309 (o‘
617 1253 868 1308 Εὐριπίδης)
899 1252 1074 1309 ἡδονῆς,
1102 1255 1174 1294 vbi
1203 1258 1292 1295 cod.
1315 1257 1409 1298 Par.

77 1323 146 1349 110.
166 1311 284 1362 1985.
304 1311 523 1350 manifesto
540 1312 713 1363 praebet
734 1311 987 1354 απαλαῖς.
1035 1309 1194 1350 Eadem
1215 1312 1267 1351 de
1287 1325 1412 1354 causa

77 1367 290 1405 interdum
312 1366 627 1406 confunduntur
650 1369 896 1422 Παρμένων
917 1366 1044 1421 (serui
1064 1366 1235 1419 nomen)
1257 1375 1299 1408 et
1319 1384 1410 1410 πα-

78 1425 290 1476 ραμένων,
300 1425 426 1477 Alcip
426 1423 487 1464 Ῐιν.
503 1424 592 1469 III,
614 1438 679 1463 91.
701 1425 917 1477 πραθέντι
936 1427 977 1460 et
999 1425 1256 1476 παραθέντι,
1274 1427 1408 1478 Apol-

78 1480 203 1519 lodor.
228 1480 254 1517 I.
277 1481 338 1518 II.
363 1493 405 1532 Ρ.
394 1440 523 1518 P.206
549 1478 612 1517 ed.
641 1478 800 1532 Heyn„
829 1477 1088 1533 πραχθῆναι
1108 1485 1149 1518 et
1167 1479 1410 1534 παραχθῆ-

78 1550 170 1584 ναι,
193 1535 342 1574 Libcm.
354 1537 431 1576 IV.
452 1549 492 1587 p.
512 1535 608 1586 590.
632 1535 696 1573 ed.
715 1535 853 1574 Reisk.
873 1542 951 1574 ete.
975 1540 1052 1573 etc.
1089 1535 1137 1573 In
1155 1535 1257 1575 Cod.
1280 1537 1410 1577 Palat.

77 1605 147 1630 110.
179 1592 275 1642 598.
308 1591 423 1630 cuius
450 1591 496 1629 in
525 1590 717 1630 examine
745 1605 839 1630 mea
870 1592 984 1630 lettre
1012 1592 1184 1645 critique
1203 1598 1407 1642 versatur,

78 1647 300 1698 aliquoties
325 1646 468 1686 inueni
489 1645 668 1698 ἐχόντων
693 1647 751 1686 sic
770 1646 994 1698 scriptum:
1037 1649 1214 1697 ἐχῢτων,
1244 1649 1319 1688 sed
1336 1648 1409 1698 ita,

78 1721 128 1752 vt
147 1714 253 1752 alter
274 1726 418 1752 versus
434 1713 574 1765 111χον
597 1713 829 1762 desineret,
859 1714 967 1752 alter
988 1729 1012 1754 a
1028 1703 1111 1756 ἶα-ἱν
1126 1714 1348 1767 inciperet.

135 1780 178 1832 2)
208 1779 377 1820 Liueam
395 1794 476 1832 pro
498 1782 530 1821 ἄ
548 1779 726 1831 positam
746 1778 1022 1819 animaduerti
1041 1781 1167 1824 etiam
1187 1795 1314 1832 supra
1331 1795 1412 1821 vo-

79 1837 251 1876 calem
233 1854 248 1874 ι
270 1835 388 1890 (iota)
407 1837 605 1888 scriptam
623 1841 665 1873 et
681 1835 725 1873 in
741 1835 886 1874 mediis
904 1836 1044 1875 verbis
1065 1843 1104 1875 et
1118 1837 1165 1876 in
1181 1839 1412 1878 verborum

79 1893 163 1931 fine
203 1904 442 1933 occurrere.
500 1893 562 1931 lta
589 1890 1026 1948 00(1.1985.1110(10
1048 1892 1236 1932 laudatus
1265 1894 1411 1933 scribit

80 1936 239 1995 πλτεὶζ“
234 1962 309 1987 σαι
345 1946 754 2001 (πλατειάζουσαι),
801 1933 934 1995 οἱὸνὲζ
935 1962 1011 1987 σαι
1043 1949 1058 2001 (
1080 1947 1409 1997 ἀδωνιάζουσαι.

79 2015 142 2053 De
161 2020 259 2052 nota
277 2013 358 2068 (v),
387 2026 489 2066 quae
510 2027 587 2066 pro
609 2028 659 2055 ov
677 2013 873 2067 ponitur,
903 2019 944 2051 et
964 2012 1016 2051 de
1034 2013 1184 2053 literae
1205 2018 1239 2054 ὦ
1256 2016 1409 2055 abbre-

77 2071 263 2116 viatura,
302 2082 407 2120 quae
442 2068 735 2109 circumflexui
758 2069 903 2108 similis
930 2074 1013 2116 est,
1058 2080 1096 2109 v.
1119 2070 1334 2110 Villoison.
1342 2073 1410 2113 ad

82 2126 277 2178 ΑΡο11011.
299 2126 381 2164 tab.
413 2126 455 2164 V.
459 2124 496 2177 )‚
526 2124 623 2165 ἑστῖ
643 2125 818 2181 (ἑστία)
840 2141 879 2165 κ.
900 2141 934 2165 τ.
953 2127 989 2164 λ.
1028 2124 1181 2171 Quain
1201 2127 1411 2166 scribendi

78 2181 243 2220 ratione
263 2194 391 2233 quum
410 2180 566 2219 lineola
585 2181 710 2221 facile
728 2181 1030 2233 negligeretur,
1057 2181 1239 2221 varietas
1256 2183 1410 2221 lectio-

79 2237 145 2275 nis
175 2243 269 2275 orta
299 2243 360 2275 est
381 2236 608 2275 verborum
627 2237 912 2277 desinentium
929 2237 975 2275 in
992 2239 1110 2285 ίζειν,
1139 2251 1216 2290 pro
1235 2252 1317 2291 quo
1333 2239 1407 2277 alii

81 2292 194 2331 haud
215 2305 313 2331 raro
340 2293 441 2331 dant
467 2291 628 2342 ιάζειν·
612 2323 626 2343 ,
654 2293 791 2346 qualia
813 2298 909 2331 sunt
928 2291 1175 2341 ἀσκωλίζειν
1200 2300 1243 2332 et
1263 2292 1408 2334 ἀσκω-

79 2347 255 2396 λιάζειν,
289 2350 506 2403 ἰαμβίζειν
519 2356 560 2388 et
571 2350 835 2405 ἰαμβιάζειν,
858 2349 1159 2412 compluraque
1173 2349 1276 2399 alia,
1299 2363 1407 2402 quae

87 2405 335 2446 Valckenaer
358 2405 559 2444 Adonim.
578 2420 618 2458 p.
644 2407 732 2456 189.
754 2404 971 2455 congessit.
1011 2404 1059 2443 In
1078 2404 1249 2444 Aristot.
1270 2407 1406 2458 probl.

81 2471 148 2508 27,
181 2473 244 2500 11.
268 2459 469 2500 editiones
498 2462 700 2513 praebent
726 2459 1111 2515 βοαβυλιάζουσιν,
1141 2468 1287 2500 noster
1316 2462 1406 2500 cod.

82 2516 205 2555 2036.
229 2518 574 2570 βομβυλίζουσιν.
597 2517 649 2555 cf.
678 2519 886 2569 Leues-que
910 2519 1044 2555 notice
1061 2516 1163 2555 d'un
1183 2521 1409 2556 manuscrit

79 2585 177 2623 grec
196 2580 418 2610 contenant
442 2575 498 2612 les
513 2573 731 2627 problemes
758 2573 984 2612 d’Aristote
1003 2580 1043 2610 et
1058 2573 1094 2611 le
1119 2576 1246 2611 traitd
1259 2574 1315 2611 du
1334 2588 1406 2611 su-

82 2629 198 2666 blime
225 2628 274 2666 de
294 2631 460 2681 Longin
485 2630 680 2684 (Nolle-es
709 2629 778 2667 des
799 2643 891 2666 mss.
913 2628 960 2666 de
978 2629 1019 2667 la
1036 2629 1126 2666 bibl.
1155 2636 1237 2666 nat.
1255 2628 1302 2666 T.
1323 2629 1405 2667 Vn.

80 2697 121 2736 p.
139 2682 264 2738 161.)
283 2684 501 2726 Schneider
521 2691 682 2735 tamen,
702 2683 839 2725 Lexic.
861 2683 934 2723 Gr.
954 2683 1095 2723 Germ.
1115 2697 1154 2737 p.
1169 2683 1248 2734 239
1262 2712 1274 2734 ‚
1303 2684 1404 2735 legit
