1752 3118
461 305 558 356 DE
592 303 827 354 LIBRO
861 308 925 354 Π.
960 307 1014 355 Υ.
1239 325 1398 357 cxxm

84 446 238 480 vtrum
272 442 578 495 temperatum
597 467 614 489 ,
664 447 723 477 an
758 447 869 476 cum
902 428 1001 477 hoc
1033 427 1226 477 rhetore
1256 432 1399 478 subli-

82 516 208 546 mem
229 496 389 548 dicere
407 495 602 558 debeat3
636 510 682 544 et
704 495 916 555 dubitet,
952 495 1094 544 verba
1114 496 1262 561 ipsius
1285 513 1398 546 sect.

88 569 162 614 16.
187 564 227 627 §.
254 581 295 610 1.
317 562 515 612 αὐτόθι
537 561 718 626 μέντοι·
743 602 753 612 .
776 601 786 611 .
809 602 819 611 .
845 561 1097 626 διέξιμεν,
1119 580 1239 628 quae
1263 563 1401 627 plane

83 631 312 680 submissa
331 644 468 689 sunt,
503 630 707 683 huiusne
726 631 935 694 generis,
966 648 1023 677 an
1044 631 1288 694 temperati
1307 632 1402 679 sint

82 696 328 757 habenda,
364 697 602 776 quoniam·
622 715 721 746 non
754 696 1099 774 simplicissima
1132 712 1202 745 est
1233 714 1400 746 eorum

83 778 344 826 stnuctura,
380 778 428 812 et
452 764 681 829 quoniam
705 765 787 812 ille
809 763 922 814 alibi
946 763 1103 811 verbis
1125 782 1150 811 a
1170 764 1402 812 submissa

84 830 295 879 dictione
337 829 734 909 discrepantibus
760 834 1013 897 praecepta
1055 848 1141 878 sua
1192 846 1399 880 exornat.

80 897 202 945 Illos
235 897 378 980 igitur
406 910 502 947 tres
533 898 760 947 orationis
777 898 1144 963 χαρακτῆρας,
1191 898 1401 964 υψηλόν

84 963 212 1025 dico,
247 962 407 1029 μέσον
426 980 472 1014 et
490 967 680 1028 ἰσχνὸν,
699 967 795 1013 iam
816 967 874 1013 ab
895 965 997 1013 aliis
1015 977 1122 1012 ante
1141 965 1299 1030 ipsum
1319 983 1404 1013 no-

84 1045 233 1094 tatos,
268 1032 450 1097 priores
481 1048 609 1080 certe
634 1032 785 1095 duOs,
821 1033 860 1080 si
884 1047 1098 1081 constare
1119 1031 1210 1079 sibi
1234 1033 1403 1096 vellet,

81 1099 260 1163 vbique
277 1099 548 1147 meminisse
567 1098 780 1147 debebat.
827 1099 952 1148 Nam
975 1097 1110 1165 quod
1134 1117 1177 1158 1,
1205 1102 1248 1149 5.
1269 1099 1403 1159 dicit,

82 1183 290 1217 summos
315 1166 570 1232 scriptores
602 1183 701 1238 non
728 1166 817 1212 nisi
848 1181 1043 1230 propter
1056 1137 1405 1217 sublimitateni

79 1232 400 1309 principatum
428 1246 614 1294 tenere,
651 1248 709 1280 eo
740 1250 840 1280 non
872 1231 974 1278 aliis
1010 1243 1198 1279 tantum
1229 1231 1405 1280 criticis

81 1299 230 1347 acutis
265 1314 313 1348 et
346 1299 662 1364 elegantibus,
707 1297 802 1345 sed
827 1313 873 1345 et
901 1297 1038 1345 sibi
1025 1298 1117 1363 ipsi
1145 1313 1405 1363 repugnat,

81 1384 194 1414 cum
220 1366 621 1432 Xenophontem,
657 1365 763 1413 solo
785 1365 936 1429 ισχνῷ
950 1365 1255 1445 χαρακτῆρι
1281 1366 1407 1413 inter

83 1434 338 1498 scriptores
369 1433 606 1499 elegantes
635 1431 964 1492 nobilitatum,
1000 1432 1051 1479 iu
1067 1430 1227 1497 ηὐωσι
1250 1423 1319 1496 (4,
1343 1432 1406 1498 4.)

82 1514 313 1549 numeret.

189 1633 290 1681 Sed
308 1636 509 1685 >omnino
532 1649 714 1684 veteres
736 1633 957 1682 sublimia
990 1633 1141 1697 magis
1180 1633 1407 1699 exemplis

87 1713 137 1750 et
167 1702 519 1766 comparatione
549 1719 662 1749 cum
694 1699 865 1748 mediis
890 1702 936 1748 et
958 1699 1230 1761 submissis,
1267 1718 1410 1764 quam

83 1769 331 1836 pelspicua
350 1768 629 1816 definitione
648 1767 962 1816 declarabant.
1005 1767 1087 1814 Sic
1111 1766 1241 1814 haud
1262 1766 1410 1833 dubie

86 1850 134 1884 et
152 1836 391 1885 Caecilius
410 1835 611 1898 fecerat,
647 1853 790 1899 quem
813 1852 1083 1897 anonymus
1104 1847 1264 1883 noster
1289 1852 1408 1893 1,1.

85 1901 228 1951 tradit
262 1902 351 1951 δια
385 1902 584 1968 μυρίων
620 1900 751 1951 ὅσων
787 1902 1080 1965 ostendisse,
1135 1900 1253 1966 quid
1287 1915 1410 1950 esset

86 1969 301 2018 sublime.
356 1970 479 2017 Nam
509 1971 551 2017 si
583 1968 644 2018 ad
668 1984 848 2018 certum
880 1982 1023 2035 caput
1047 1983 1319 2017 reuocasset
1339 1969 1412 2016 in-

86 2037 215 2085 finita
234 2038 316 2085 illa
337 2037 438 2086 siue
461 2054 631 2100 genera
660 2037 763 2085 siue
785 2038 1022 2102 exempla,
1045 2036 1126 2084 hic
1147 2050 1311 2084 noster
1332 2049 1412 2084 aut

89 2105 333 2152 refutasset
356 2104 495 2152 illum
510 2142 523 2166 ,
559 2118 643 2152 aut
665 2104 880 2152 sectione
903 2122 943 2166 7.
964 2103 1288 2151 definitionem
1309 2103 1411 2151 eius

91 2187 381 2236 quocunque
424 2170 577 2220 modo
616 2171 666 2218 in
702 2171 968 2219 subsidium
1003 2185 1228 2218 vocasset.
1294 2169 1412 2219 Non

92 2256 205 2302 ergo
237 2257 404 2300 magna
431 2240 511 2286 illa
543 2239 723 2286 iactura
749 2238 906 2287 videri
941 2239 1111 2299 debet,
1161 2236 1294 2302 quod
1329 2238 1429 2285 illa.

90 2306 283 2373 copiosa
313 2305 630 2372 disputatione
660 2323 897 2368 caremus,
933 2323 1088 2370 neque
1116 2304 1198 2353 hic
1221 2319 1411 2365 noster,

91 2371 223 2437 quod
248 2373 390 2421 Molo
426 2373 486 2422 ad
516 2373 545 2420 l.
568 2373 597 2420 l.
620 2372 893 2435 videbatur,
928 2373 1099 2421 multas
1130 2387 1413 2421 controuei-

94 2442 181 2487 sias
210 2457 378 2487 cauere
408 2441 667 2505 potuisset,
704 2441 745 2488 si
767 2442 851 2488 illa
877 2440 1071 2488 Caecilii
1097 2440 1309 2487 breuitei
1342 2457 1411 2486 re-

92 2509 239 2572 petita
273 2509 576 2571 exposuisset.
625 2508 802 2557 Melius
828 2498 1055 2556 hodierni
1075 2507 1227 2556 critici
1252 2506 1412 2571 philo-

93 2574 356 2638 sophorum
402 2574 579 2622 scholis
624 2574 797 2624 eruditi
830 2577 1082 2623 sublimem
1118 2574 1412 2632 orationem,

96 2656 325 2705 quantum
356 2642 458 2688 ficri
484 2656 663 2706 potest,
698 2662 723 2690 a
749 2645 916 2691 ceteris
941 2643 1194 2707 generibus
1219 2639 1411 2687 dicendi

96 2709 235 2756 certis
256 2709 428 2756 finibus
453 2725 772 2759 secreuerunt.
806 2710 865 2759 Id
884 2725 929 2759 et
953 2727 1039 2758 nos
1060 2710 1140 2758 hic
1161 2724 1296 2772 agere
1313 2724 1412 2754 non
