1752 3118
464 249 961 306 sEc‘r10N.xv.§.
993 240 1089 294 3.'4.
1358 216 1458 300 521⁸

111 364 206 403 illas
225 370 311 404 tam
337 364 471 403 claras
490 362 670 403 visiones
688 375 771 401 non
789 376 909 415 posse
935 365 1134 404 exsistere
1163 364 1208 403 in
1226 367 1359 417 poetis
1398 374 1440 409 et

111 421 370 469 oratoribus,
394 420 476 457 nisi
496 419 681 457 animum
705 418 886 458 habeant
907 427 1174 460 commotum.
1296 431 1301 435 ”

193 503 232 557 5.
252 505 290 544 3.
320 506 359 544 εἴ
374 517 484 543 τισιν
506 503 676 556 ἑτέροις]
695 497 857 554 ’Έτεροι
880 509 999 551 sunt,
1024 504 1094 555 qui
1122 501 1274 548 κοινῶς
1304 505 1436 547 ἄλλοι.

107 558 277 598 Scholia
303 557 592 609 Aristophanis
624 559 676 596 ad
707 557 855 610 Εἱρην.
876 572 917 597 v.
940 558 1034 598 625.
1078 560 1132 599 Οἱ
1160 558 1335 601 Ἀττικοὶ
1362 566 1439 601 καὶ

108 619 178 654 ἐπὶ
223 614 378 654 πολλοῦ
412 616 604 680 λέγουσιν
641 617 853 665 ἑτεραν·
895 614 1016 669 ἡμεῖς
1054 613 1095 654 δὲ
1137 617 1207 655 ἐπὶ
1245 615 1439 666 δευτερας

105 669 254 725 μόνης.
283 673 353 710 ἐπὶ
384 673 524 722 τρίτης
552 663 627 710 οὖν
654 668 962 723 Ἀριστοφάνης
991 673 1187 725 ἑτέραν
1215 672 1341 714 εἶπεν.
1367 669 1437 712 Ὀ-

105 729 185 768 λως
213 726 254 765 δὲ
282 727 308 774 ἡ
338 729 716 790 παρατετηρημένη
746 729 816 765 ἐπί
847 741 887 767 τε
918 729 1110 779 ἑτερου
1147 731 1223 767 καὶ
1266 727 1437 768 ἄλλου

104 780 303 833 ὃιαφορα
341 781 442 833 παρ’
481 779 680 825 Ἀττικοῖς
726 780 802 822 οὐκ
839 782 965 823 ἔστιν.
1021 781 1436 826 Scnvnzrtmscmvs.

102 835 307 889 Excerpsi
334 837 415 875 hoc
437 843 610 889 propter
640 837 766 876 ah'um
800 838 973 890 Longini
998 838 1162 888 locum,
1201 838 1305 878 vbi
1299 835 1437 891 ε’τερος

104 893 291 930 occurrit
312 907 388 944 pro
412 892 595 946 δευτέρῳ.
626 893 716 932 Vid.
740 896 776 942 8,
804 907 838 934 1.
868 900 909 932 et
931 895 999 942 23,
1024 893 1063 934 3.
1099 893 1204 933 Nam
1222 908 1302 947 pro
1322 895 1436 945 ἄλλῳ

101 961 226 999 saepe
250 950 423 1000 ponitur
439 979 449 997 ‚
490 957 537 987 vt
566 950 688 988 modo
718 948 758 1003 5.
779 962 817 988 2.
839 950 928 987 init.
960 949 1047 989 Vid.
1069 955 1109 988 et
1130 950 1361 990 Markland.
1383 951 1435 989 ad

101 1002 212 1042 Max.
246 1004 346 1055 Tyr.
377 1004 483 1044 Diss.
517 1018 549 1043 1.
582 1019 615 1043 c.
650 1017 687 1043 2.
722 1006 792 1044 vbi
823 1005 1080 1054 ostenditur,
1119 1005 1276 1045 duabus
1307 1007 1434 1045 rebus

100 1059 353 1111 propositis,
386 1075 482 1099 cum
504 1062 737 1112 ambiguum
757 1061 820 1109 sit,
841 1061 893 1100 ad
911 1067 1048 1099 Vtram
1067 1061 1279 1112 pertineat
1301 1061 1432 1103 θάτε-

96 1127 200 1168 ρον,
228 1115 503 1180 posteriorem
522 1117 614 1155 fere
638 1116 874 1167 significari

185 1184 276 1222 παρ
323 1167 485 1211 ’ἕκαστα
525 1176 594 1212 ἐπὶ
632 1171 712 1213 τῶν
739 1171 948 1227 μεγεθῶν]
994 1171 1144 1210 Nonne
1170 1175 1240 1212 ἐπὶ
1269 1172 1431 1211 tollen-

97 1224 230 1263 dum?
260 1232 303 1264 in
324 1228 542 1280 quolibet&
526 1242 662 1266 venere
689 1229 997 1292 magnitudinis.
1028 1226 1187 1267 Monvs.
1251 1226 1431 1266 Pacilius

99 1288 206 1319 esset
232 1288 437 1330 statuere,
486 1299 540 1323 τα
575 1282 779 1321 excidisse
812 1290 907 1335 post
933 1280 1106 1324 ἑκαστα.
1163 1281 1245 1321 Sed
1283 1289 1324 1320 et
1358 1283 1432 1321 alii

98 1335 353 1376 difficultatis
388 1338 669 1390 expediendae
701 1339 814 1377 modi
844 1345 1093 1391 suppetunt3
1142 1344 1189 1376 vt
1226 1351 1261 1378 e.
1295 1351 1332 1390 g.
1360 1341 1431 1378 ἐπὶ

94 1391 178 1433 τῶν
194 1407 284 1447 μεγ.
308 1393 520 1444 pertinere
542 1394 654 1433 dicas
677 1393 727 1432 ad
764 1408 874 1446 seqq.
887 1425 898 1444 ,
932 1395 1114 1433 maxime
1145 1393 1196 1431 ad
1227 1397 1428 1450 (taxica.-

94 1450 232 1488 oeae.-
261 1449 309 1487 de
327 1449 559 1488 sublimibus
579 1450 816 1489 contendere
837 1451 949 1507 (cum
971 1449 1094 1500 aliis).
1151 1448 1234 1487 Sed
1255 1449 1429 1488 sufficiat

95 1502 149 1541 de
172 1504 411 1570 difficultate
440 1504 484 1542 in
504 1519 551 1544 re
572 1506 658 1543 leui
680 1519 765 1543 non
785 1485 909 1557 plane
931 1506 1122 1545 tacuisse.

180 1559 234 1603 ὠς
262 1560 285 1600 o‘
317 1553 523 1615 domme]
573 1569 615 1601 vt
641 1564 847 1602 Homerus
873 1563 976 1601 dicit
1008 1561 1094 1615 (de
1123 1559 1277 1613 leone)
1309 1559 1427 1609 11.Y

98 1627 179 1666 170
200 1630 231 1654 s.

182 1670 297 1729 Ούρῇ
322 1671 365 1712 δὲ
393 1670 577 1726 πλευρας
606 1688 648 1713 τε
677 1677 751 1713 καὶ
790 1675 934 1727 ἰσχίον
969 1672 1282 1729 ἀμφοτέρωθεν
1314 1675 1428 1713 Ma·-

90 1728 268 1780 otlstat]
320 1728 595 1768 Scribendum
625 1728 806 1782 πὶευρας
843 1745 885 1770 τε
922 1733 997 1769 καὶ
1034 1732 1170 1781 ισχιᾝα
1219 1728 1425 1779 quomodo

94 1789 229 1822 exstat
253 1783 362 1835 apud
387 1783 695 1833 flome1.11.Y‚
720 1798 808 1836 170.
850 1786 1039 1832 Quocum
1077 1784 1178 1823 facit
1202 1782 1425 1835 Etymolo-

90 1850 187 1890 gus,
215 1838 467 1888 Euanthius,
487 1840 571 1879 alii.
627 1839 804 1879 Nonnus
828 1841 995 1892 DionyS.
1017 1841 1090 1879 lib.
1116 1841 1178 1880 14.
1203 1853 1244 1891 p.
1266 1838 1359 1891 396.

203 1894 365 1944 Ἱππείῳ]
397 1894 439 1935 δ’
470 1894 653 1936 ἀνέτελλε
691 1894 741 1936 δι’
776 1897 890 1945 ἰξύος
925 1895 1078 1950 ὄρθιος
1107 1893 1227 1948 οὐρηζ,

59 1993 62 1995 ,
232 1952 384 1991 ΣΧΙΑ
415 1952 782 1992 ΜΑΣΤΙΖΟΥΣ
848 1977 903 1985 ·-—

94 2006 289 2045 Ceterum
308 2006 360 2044 ad
379 2006 490 2044 hunc
513 2008 653 2045 locum
674 2009 860 2059 respexit
879 2008 1094 2048 Nicander
1123 2007 1157 2045 T
1160 2006 1317 2046 heriac
1330 2005 1423 2058 476.

207 2060 409 2102 Παντόθι
439 2065 656 2116 μαστίζων
686 2062 790 2120 θύρῃ
819 2063 951 2118 δέμας
985 2088 1040 2095 -

91 2115 181 2155 Nec
214 2130 300 2155 non
328 2117 575 2164 Quintilian.
607 2119 658 2167 X,
682 2131 717 2170 7.
755 2122 913 2159 Rursus
946 2122 1018 2159 illa
1043 2123 1155 2173 prior
1186 2119 1422 2157 exercitatio

85 2175 182 2227 plus
212 2170 392 2222 confert,
431 2176 539 2212 vocis
559 2176 825 2224 firmitatem,
865 2179 944 2214 oris
967 2176 1241 2229 facilitatem,
1271 2181 1423 2212 motum.

92 2232 268 2283 corpolis
280 2258 291 2278 ,
319 2231 390 2282 qui
411 2237 450 2268 et
472 2233 581 2282 ipse,
611 2238 653 2267 vt
674 2231 760 2269 «laxi
769 2259 784 2277 ,
813 2234 967 2270 excitat
987 2239 1197 2274 oratorem,
1228 2237 1266 2267 et
1284 2232 1421 2267 iacta-

93 2288 202 2324 tione
223 2299 390 2333 manus,
415 2286 528 2337 pedis
551 2287 826 2339 sapplosione,
856 2287 961 2325 sicut
990 2286 1120 2325 cauda
1141 2285 1285 2324 leones
1306 2285 1421 2322 face-

92 2355 140 2378 re
162 2341 385 2390 dicuntur,
412 2342 609 2381 hortatur.
662 2342 859 2382 T.ovi³1vs

177 2424 216 2478 5.
238 2427 275 2464 4.
293 2423 396 2463 ”ma
429 2423 493 2471 δὲ,
523 2440 568 2479 μ.
595 2427 690 2478 etc.]
722 2427 851 2466 Locus
874 2425 943 2464 hic
962 2424 1172 2476 Euripidis
1198 2422 1309 2462 haud
1340 2422 1420 2460 du-

94 2480 161 2519 bie
197 2494 249 2519 ex
292 2480 378 2518 eius
407 2481 665 2519 Phaethonte
690 2481 900 2520 desumtus
931 2487 1004 2519 est.
1073 2479 1269 2519 Fabulam
1307 2477 1418 2515 enim

94 2537 212 2575 istius
234 2535 411 2574 nominis
431 2536 642 2587 scripsisse
669 2544 827 2576 constat
852 2550 905 2582 ex
937 2534 1178 2584 Eustathio‚
1216 2534 1286 2586 qui
1317 2545 1419 2571 ver-

95 2606 163 2630 sus
192 2591 389 2646 quosdam
417 2605 468 2630 ex
501 2604 548 2628 eo
578 2592 680 2631 citat
711 2593 765 2632 ad
792 2591 910 2631 lliad.
945 2593 996 2640 N,
1030 2591 1194 2628 Laertio
1220 2591 1293 2631 lib
1317 2599 1356 2626 2.
1374 2587 1420 2627 iu

96 2649 272 2702 Anaxag.
294 2654 336 2686 et
354 2646 564 2687 macrobio
588 2647 925 2701 Sat.l.1.c.17.
967 2645 1279 2685 Linomnmvs.

1098 2711 1137 2751 X
