1752 3118
327 306 429 336 cxu
540 287 1073 339 DISSERTATIO
1115 290 1444 342 CRITICA

324 411 489 473 ribus,
524 430 664 476 quam
689 431 779 476 pro
803 413 986 460 ratione
1009 413 1236 474 instituti,
1273 419 1651 465 commemoratis

325 478 466 526 etiam
484 480 749 538 nonnullis,
786 498 907 544 quae
928 484 1232 542 conformari
1243 486 1495 546 peculiari
1508 489 1652 532 modo

321 558 583 608 nequeunt.
652 547 1003 598 Sententiarum
1031 561 1077 594 et
1103 547 1359 596 verborum
1384 551 1556 611 figuras
1580 569 1656 598 se·-

320 612 520 677 paratim
549 629 648 660 non
678 614 906 678 explicat,
951 612 1086 677 quod
1112 626 1271 662 tamen
1306 616 1356 663 in
1379 617 1535 664 animo
1562 617 1654 664 ha·-

319 678 481 726 buisse
513 677 728 742 videtur,
765 699 876 727 cum
907 695 1018 728 sect.
1048 685 1076 728 8
1108 677 1191 727 illa
1216 682 1465 730 scriberet:
1502 682 1650 732 δισσιὲ

320 742 378 795 δέ
396 763 500 794 που
513 747 701 810 ταῦτα,
713 750 782 794 τοὶ
791 749 890 811 μὲν
904 746 1139 812 νοήσεως,
1151 747 1361 814 θάτερα
1384 747 1439 798 δὲ
1458 748 1650 808 λέξεως.

906 826 944 891 §·
981 825 1069 876 VJ.

451 900 510 951 In
537 903 745 968 'reliquis
780 904 1013 968 capitibus
1056 905 1166 953 satis
1202 905 1460 971 diligenter
1503 921 1655 957 servat

320 968 538 1017 ordinem
579 970 891 1034 propositum.
978 971 1150 1036 Neque
1204 973 1653 1039 reprehendendum

316 1050 455 1100 puto,
499 1037 810 1099 οἰκονομίαν
840 1037 880 1083 si
912 1054 998 1100 per
1025 1055 1077 1085 se
1101 1054 1300 1102 specteS‚
1336 1041 1468 1103 quod
1494 1042 1604 1088 inde
1627 1060 1654 1090 a

317 1117 430 1151 sect.
454 1106 535 1165 4⁷1,
561 1107 590 1151 5
615 1116 810 1168 repente
833 1102 894 1150 ad
930 1120 983 1150 ea
1010 1105 1201 1160 transit,
1237 1123 1360 1170 quae
1382 1107 1475 1155 vim
1504 1110 1655 1157 subli-

314 1169 488 1217 mitatis
521 1173 755 1234 trangunt.
824 1170 983 1218 Facile
1006 1171 1103 1218 hoc
1138 1173 1330 1222 eivenit
1359 1173 1408 1221 in
1428 1189 1654 1236 mentem,

315 1254 424 1284 cum
454 1237 543 1284 illo
566 1238 680 1286 loco
717 1237 777 1286 de
796 1238 1007 1285 numeris
1036 1239 1198 1288 fractis
1230 1240 1415 1303 egisset.
1484 1243 1654 1307 Itaque

316 1303 404 1350 etsi
437 1319 770 1369 argumentum
815 1305 1039 1352 sectionis
1072 1311 1135 1355 45
1167 1307 1421 1356 commode
1449 1310 1653 1357 sectioni

314 1373 372 1417 51
401 1371 639 1435 potuisset
670 1370 893 1431 adiungi,
928 1372 1027 1420 hoc
1051 1390 1091 1420 e.
1113 1391 1156 1436 g.
1187 1373 1650 1440 addito‚praeccpto‚

311 1440 540 1486 vniuerse
574 1441 770 1502 quidem
794 1441 1055 1501 fugienda
1091 1459 1196 1488 esse
1229 1443 1436 1490 humilia
1470 1444 1651 1496 verba:

311 1512 470 1551 tamen
504 1519 551 1553 et
583 1505 702 1552 haec
742 1518 790 1552 et
819 1520 1003 1566 cetera,
1051 1524 1173 1572 quae
1207 1507 1470 1556 orationem
1493 1509 1653 1573 depri-

312 1583 489 1630 munt,
525 1571 703 1619 licebat
728 1573 779 1620 in
805 1573 902 1620 fine
932 1573 1226 1623 coniunctim
1263 1576 1482 1639 proferri.
1551 1576 1651 1625 Sed

310 1635 506 1685 videbat
529 1653 712 1701 auctor,
749 1652 799 1687 vt
821 1639 1011 1704 opinor,
1034 1658 1084 1688 se
1103 1641 1197 1689 iam
1219 1642 1354 1706 plura
1372 1643 1651 1693 huiusmodi

309 1722 455 1769 supra
484 1705 703 1770 tetigisse.
773 1705 903 1754 Hinc
932 1707 1167 1771 praecidit
1191 1712 1271 1768 45,
1293 1712 1323 1756 6
1360 1709 1435 1756 his
1460 1711 1643 1758 verbis:

306 1770 457 1819 ,Ἀλλά
490 1776 592 1835 γάρ
616 1773 719 1820 οὐκ
750 1773 829 1821 ἐπ’
858 1771 1026 1831 εὶδους
1046 1776 1236 1838 ἐπείγει
1263 1779 1331 1824 τοὶ
1354 1783 1646 1842 μικροποιιὲ

307 1836 626 1904 διαριθμεῖν.
1121 1878 1123 1880 -

883 1912 921 1973 §.
962 1908 1067 1958 VII.

443 1986 580 2044 Quae
615 1987 795 2053 epilogi
824 1987 938 2035 loco
973 2003 1086 2036 sect.
1108 1992 1171 2037 44
1195 1990 1483 2054 proponitur
1503 2011 1648 2058 quae-

307 2051 418 2114 stio,
454 2072 551 2102 non
575 2054 726 2103 modo
753 2055 1018 2118 nontaliena
1050 2069 1119 2104 est
1150 2057 1209 2104 ab
1231 2073 1524 2121 argumento,
1559 2060 1647 2110 sed

306 2118 492 2184 egregie
515 2122 722 2170 illustrat
743 2123 841 2183 illa,
867 2122 1077 2188 quaead
1100 2141 1201 2171 rem
1225 2137 1338 2172 sunt
1356 2124 1648 2190 magnimo-

305 2187 469 2247 menti,
505 2189 716 2237 sectione
739 2207 784 2251 9.
808 2191 846 2254 ᾗ.
878 2195 1018 2241 1—5.
1046 2192 1255 2241 breviter
1277 2192 1521 2257 explicata.
1559 2195 1644 2244 Vti
1696 2250 1698 2252 v
1748 2223 1752 2246 ;

307 2253 433 2300 enim
464 2273 491 2302 a
509 2274 680 2319 magno
709 2256 868 2305 animo
895 2259 1130 2307 sublimes
1162 2259 1422 2307 sententiae
1445 2263 1645 2325 profici-

305 2336 504 2369 scuntur
517 2360 535 2383 ,
581 2324 651 2372 sic
684 2324 743 2371 ab
771 2325 931 2371 animo
962 2324 1139 2373 humili
1166 2340 1212 2373 et
1238 2325 1299 2373 ad
1325 2328 1563 2376 avaritiam
1597 2343 1644 2382 et

304 2387 541 2438 luxuriam
562 2392 749 2438 abiecto
773 2392 916 2439 falsae
939 2407 1020 2440 aut
1037 2393 1200 2441 futiles
1223 2394 1485 2444 sententiae
1506 2413 1643 2445 exco-

304 2454 442 2519 gitari
468 2458 637 2506 solent.
671 2456 789 2508 Vid.
812 2461 893 2522 44,
931 2461 961 2506 6
997 2474 1045 2507 et
1074 2477 1205 2527 seqq.

867 2548 907 2612 ς.
942 2548 1076 2598 vm.

434 2622 535 2674 Iam
580 2625 852 2688 videamus,
911 2646 1054 2693 quam
1096 2630 1326 2678 rationem
1369 2648 1637 2697 anonymus

300 2705 463 2741 noster
509 2708 735 2761 sequatur
777 2695 828 2745 in
881 2695 1078 2760 singulis
1123 2700 1385 2763 argumenti
1424 2699 1637 2762 partibus
