1718 3122
607 255 875 298 11Β111Π.
912 261 955 300 Y.
1275 272 1278 275 ·
1353 265 1462 314 573‘

209 367 511 422 trapezuntinae]
538 373 625 411 vat.
650 380 689 407 2.
710 366 983 421 παραλάττει.

205 423 253 465 ἐν
270 424 407 478 χύσει]
435 423 539 462 Rob.
553 422 728 474 ἑκχύσει.

204 480 381 542 καίειν]
390 479 482 520 Vnt.
503 489 540 520 2.
558 482 679 518 κίειν.

206 550 381 584 σκηπτῳ
403 533 515 586 τινι]
538 536 625 571 v.at
637 545 674 571 2.
694 531 844 582 σκηπῶ
864 535 960 573 τινί.
991 533 1081 573 vat.
1091 533 1130 574 3.
1154 538 1323 586 σκηπτῶ
1339 546 1434 587 τινὶ

205 598 467 664 αμφιλαφής
488 599 566 652 τις]
596 599 663 637 Sic
687 601 729 638 in
754 600 842 638 Par.
859 600 1085 651 scriptum,
1114 606 1217 641 teste
1239 604 1434 657 etiamB„

122 669 199 695 nec
217 669 299 694 non
320 655 366 693 in
382 655 476 695 Vat.
496 658 564 708 5.,
590 661 636 692 vt
656 654 902 706 Zaccagm‘us
919 655 1098 703 notauit,
1127 664 1168 696 et
1187 657 1298 697 Lam
1289 663 1432 701 entia-

122 724 190 750 no.
245 711 358 750 Sed
345 724 391 748 m
407 717 495 750 vat.
515 722 550 748 2.
565 709 690 758 ,Ε1.,
717 709 821 749 Rob.
840 717 882 749 et
902 710 1057 749 Manut.
1080 727 1142 759 τις
1168 726 1251 751 non
1271 714 1434 767 legitur.

189 765 482 831 ἐμπρησμὸς]
520 766 587 804 Sic
607 765 696 804 Par.
714 780 738 805 a
758 777 884 805 manu
906 768 1095 806 secunda.
1154 767 1237 809 Sed
1258 782 1282 809 a
1296 772 1434 822 prima

112 822 318 875 'scriptum
339 819 592 876 ἐμποισμός.

206 883 282 919 καὶ
303 876 544 929 α’νειλεῖται]
580 879 667 917 vat.
689 876 727 916 3.
754 881 828 917 καὶ
848 875 1065 918 ἀνελεῒται.

198 938 273 974 καὶ
295 933 500 987 διακληρ.]
528 932 734 971 Manutius
754 936 828 972 καὶ
849 932 997 972 omisit.

205 989 394 1042 αλλοίςω]
429 989 580 1027 Manut.
602 989 742 1033 ἄλλως.

206 1042 569 1137 ἀνατρεφόμενον]
598 1044 687 1083 vat.
704 1057 740 1083 2.
758 1043 1062 1111 α’τρεφόμενον.

205 1099 433 1152 ἐπιλόγοις]
472 1098 535 1138 Ε.1
551 1101 595 1138 in
616 1112 743 1152 marg.
763 1100 1004 1154 άπολόγοις.
1045 1101 1133 1141 vid.
1151 1107 1253 1142 nott.
1272 1103 1326 1142 ad
1342 1103 1382 1143 h.
1401 1105 1432 1143 1.

178 1167 219 1237 5.
242 1168 277 1206 5.
306 1180 430 1217 (pum,
462 1170 536 1205 καὶ
558 1164 631 1206 οὐκ
653 1166 739 1218 ο’λ.]
777 1167 864 1205 Vat.
888 1179 923 1204 2.
951 1181 1057 1216 φύσι
1082 1166 1240 1218 ὁλογίες
1269 1174 1344 1209 καὶ
1367 1177 1434 1211 οἰ-

124 1226 229 1276 κολίς
235 1237 315 1265 οις.
372 1221 607 1259 Notandum
633 1222 777 1269 etiam,
816 1236 837 1260 e
862 1222 947 1260 Vat.
967 1222 1006 1259 3.
1041 1223 1246 1261 Amatium
1269 1224 1340 1263 hic
1357 1239 1435 1264 ex·-

124 1278 324 1330 empsisse
346 1275 566 1327 Bardaetta,
602 1277 676 1315 sed
695 1277 788 1315 loco
810 1290 895 1316 non
914 1277 1025 1316 clare
1046 1277 1255 1328 indicato,
1290 1280 1334 1318 in
1351 1295 1431 1333 quo

123 1335 175 1374 sit
197 1334 409 1372 insertum.

584 1387 811 1429 SECT.
866 1386 970 1429 XIII.

177 1457 218 1511 §.
248 1470 280 1495 1.
312 1453 451 1509 (ἐπάν.
474 1453 574 1508 γάρ)
602 1455 694 1494 vat.
717 1467 755 1496 2.
775 1453 922 1496 ἑποίνει
945 1470 1014 1509 μει
1035 1471 1131 1508 γαρ.

206 1512 381 1562 τοιούτῳ
403 1528 436 1552 τ.
452 1526 498 1562 χ.
500 1511 515 1563 ]
532 1512 672 1549 Ambr.
695 1510 917 1549 secundum
929 1510 1320 1551 Schurzsseisehium
1340 1527 1431 1554 toc-

123 1566 229 1618 οὑτῳ
261 1572 344 1608 τινὶ
370 1582 548 1621 χηματι.
604 1566 686 1605 Sed
708 1565 841 1604 Gudio
866 1573 1034 1604 auctore
1061 1566 1186 1605 habet
1218 1584 1249 1607 τ.
1263 1566 1434 1632 χήματί

123 1639 217 1664 τινι.
258 1624 344 1662 vat.
364 1624 401 1661 5.
429 1639 465 1662 τ.
490 1625 571 1663 τινὶ
591 1621 792 1675 σχήματι.
849 1620 1022 1660 Robort.
1043 1626 1122 1663 τινὶ
1138 1621 1302 1676 χύματι
1321 1624 1432 1673 (sine

122 1678 322 1728 τοιούτῳ).
350 1677 503 1716 Manut.
525 1678 649 1725 item,
676 1678 763 1715 s'me
786 1675 979 1726 τοιούτῳ,
1009 1676 1192 1732 χεύματί
1213 1693 1307 1719 τινι.

205 1733 420 1786 ἀψοφητὶ]
449 1733 538 1772 vat.
559 1746 596 1774 2.
618 1732 860 1786 άψοφηρτι.

206 1792 412 1837 Πολιτείᾳ
436 1786 524 1840 [τὸν
541 1787 714 1855 τύπον]]
767 1786 856 1826 Vat.
878 1799 916 1825 2.
943 1788 1158 1836 πολιτεία,
1186 1787 1259 1830 τόν
1281 1787 1430 1831 τύπον.

120 1847 212 1886 Vat.
224 1846 262 1884 3.
283 1847 487 1885 πολιτεία.
510 1842 587 1884 τόν
607 1842 752 1884 τύπον.
791 1843 928 1880 verba
946 1841 1019 1883 τόν
1030 1841 1156 1884 τύπον
1173 1844 1217 1881 in
1230 1844 1320 1883 Par.
1333 1846 1430 1898 legi,

120 1901 314 1954 quoniam
338 1900 490 1938 multos
513 1899 746 1945 oflendunt,
775 1897 927 1938 diserte
950 1904 1124 1937 testatur
1145 1898 1318 1939 Bastius.

211 1959 262 1996 Οἱ
283 1955 385 2008 ἄρα]
416 1954 507 1992 Vat.
529 1954 628 1994 2.οἶ
645 1953 746 2006 ἄρα.

204 2010 394 2062 εὐωχίαις
414 2008 472 2061 δὲ]
502 2009 589 2048 Vat.
604 2021 641 2047 2.
660 2008 886 2062 ε’βωχίεσδε.

205 2065 406 2118 ξυνόντες]
435 2064 540 2114 Par„
568 2071 673 2104 teste
695 2063 752 2114 Β.,
772 2064 860 2105 Vat.
880 2069 1054 2116 vterque
1074 2069 1115 2103 et
1134 2063 1305 2106 Robort.
1327 2080 1428 2108 συν-

124 2139 248 2167 οντες.

204 2177 277 2219 διοί
295 2177 409 2232 βίου]
440 2175 529 2215 Vat.
551 2183 722 2229 vterque
744 2175 926 2232 διαβίου.

207 2232 288 2275 οὔτ’
308 2231 564 2287 ἀνέβλεψαν]
592 2233 681 2271 Vat.
705 2246 741 2272 2.
766 2233 816 2274 ὅύ
834 2231 911 2274 τᾶν
929 2230 1128 2287 ἔβλεψαν.

203 2291 380 2346 βεβαίου
404 2289 459 2341 τε]
487 2288 574 2327 Vat.
598 2288 636 2326 3.
659 2295 701 2327 et
719 2287 820 2329 Rob.
838 2291 1014 2343 βεβαίου
1032 2290 1088 2328 τὲ.

205 2372 294 2408 κυρ.
316 2354 530 2419 ἀλλήλους]
567 2355 657 2394 Vat.
674 2366 712 2395 2.
734 2354 820 2408 κυρ”
832 2358 1007 2404 ι’ττοντες
1022 2352 1228 2403 αλλήλοις.
1273 2354 1365 2395 vat.
1388 2355 1424 2395 3.

120 2411 386 2475 κυρίττοντες
423 2410 623 2459 ἀλλ”]λοιης
679 2410 816 2451 Etiam
849 2411 895 2449 in
932 2410 1023 2450 Par.
1034 2438 1047 2459 ‚
1102 2409 1224 2449 Laur.
1254 2417 1297 2450 et
1323 2410 1426 2450 Rob

120 2483 187 2508 scr
191 2470 321 2520 iptum
340 2465 542 2515 ἀλλήλοις.

178 2535 218 2589 5.
239 2547 275 2573 2.
303 2549 423 2578 ουτος
444 2532 469 2573 ὀ
483 2532 573 2602 οἱν.]
604 2532 718 2582 Pan,
745 2538 848 2572 teste
866 2530 932 2581 Β,
960 2531 1142 2584 itemque
1160 2532 1270 2573 Vatt.
1290 2533 1423 2579 ambo,

118 2590 243 2630 Laur.
265 2597 306 2628 et
327 2590 429 2629 Rob.
455 2582 574 2633 οὗτος
587 2587 708 2642 οἷνηρ.

203 2645 264 2702 μή
284 2648 449 2696 aaron„
485 2645 540 2690 ὠς
561 2649 637 2686 καὶ
655 2646 757 2694 ἄλλη
779 2645 856 2696 τις]
885 2642 976 2683 Vat.
998 2655 1035 2682 2.
1061 2659 1122 2698 μη
1143 2642 1256 2684 κατά
1275 2641 1421 2695 ὀλιγω-
