1758 3162
324 335 416 367 xnr
771 313 1226 368 PRAEFATIO

322 452 580 517 θεωρίαν.·
616 469 741 516 quae
768 443 1025 513 nunquam
1049 449 1229 514 scripta
1254 449 1401 496 fuisse
1419 451 1651 502 videntur

321 542 375 589 in
396 541 570 590 codiee
595 540 833 588 Parisino.
897 539 1107 602 Reperta
1127 553 1244 587 sunt
1269 539 1409 602 alibi,
1441 554 1494 588 vt
1515 543 1576 591 ad
1597 545 1656 591 il..

320 632 427 679 lum
460 631 628 677 locum
651 628 908 675 Boiuinius
941 641 1138 675 testatur
1171 627 1249 675 his
1279 628 1471 676 verbis:
1506 633 1569 678 Je
1592 651 1654 682 ne

319 724 423 769 sais
448 738 550 783 par
574 723 691 782 quel
714 720 913 765 hazard
935 721 1006 765 les
1030 721 1069 765 5
1096 736 1161 766 ou
1190 721 1398 780 Glignes
1425 737 1519 782 que
1547 723 1657 768 Tol-

319 802 418 858 lius
448 828 483 857 a
505 814 619 856 eue's
639 807 695 855 d’
710 825 778 856 un
800 810 1086 856 Manuscrit
1118 811 1186 855 du
1208 810 1267 856 V
1257 810 1452 871 alicua,
1496 819 1544 856 et
1569 814 1657 874 qui

319 918 375 947 se
392 907 619 947 trouvent
642 900 781 946 aussi
799 901 926 946 dans
951 915 1019 946 un
1045 901 1326 946 Manascrit
1348 902 1416 946 du
1435 903 1536 947 Boi
1556 904 1653 960 (no.

319 991 480 1052 3‘7¹·)
514 994 830 1051 transpose‘es
858 998 906 1036 et
932 991 1236 1051 consondue‘s
1266 1006 1387 1036 avec
1413 1007 1481 1036 un
1499 992 1655 1051 frag-

318 1088 451 1126 ment
471 1082 557 1125 des
567 1078 846 1125 Problemes
870 1082 924 1125 d’
939 1080 1163 1126 Ari-stote
1175 1112 1189 1135 ,
1225 1088 1311 1124 ont
1323 1097 1403 1140 pu
1421 1082 1526 1125 etre
1545 1097 1657 1126 con-

317 1172 526 1216 serve'eS.
595 1170 649 1215 Il
660 1185 708 1230 y
733 1185 767 1215 a
797 1155 1083 1232 apparence
1098 1185 1193 1230 que
1218 1165 1484 1229 quelqu’un
1514 1169 1653 1214 aiant

317 1262 581 1305 rencontre'
603 1275 671 1304 un
691 1274 923 1304 morceau
938 1258 1026 1304 des
1049 1259 1178 1304 deux
1194 1257 1423 1317 feuillets
1445 1259 1625 1303 entier-s·
1636 1293 1654 1315 ,

316 1348 444 1393 mais
474 1351 647 1407 gelide,
690 1349 872 1392 n’aura
897 1363 978 1408 pu
1011 1348 1178 1408 copier
1211 1363 1306 1408 que
1339 1362 1418 1391 ces
1451 1349 1489 1392 5
1523 1363 1587 1392 ou
1623 1351 1662 1393 6

316 1438 492 1496 lignes-
538 1432 681 1479 Alius
703 1448 773 1480 est
795 1433 924 1480 hanc
947 1434 999 1480 in
1023 1452 1128 1482 rem
1147 1434 1288 1481 locus
1305 1433 1358 1479 in
1380 1434 1479 1481 fine
1500 1435 1653 1481 totius

315 1519 461 1577 libri,
498 1536 646 1581 quem
665 1519 837 1566 locum
861 1518 1031 1582 (quod
1062 1518 1284 1583 mireris)
1310 1539 1403 1570 nec
1427 1522 1654 1572 Pearcius

316 1626 411 1656 nec
427 1606 654 1672 Toupius
683 1607 885 1656 notauit.
935 1607 1038 1656 Sed
1062 1609 1135 1656 vir
1154 1607 1331 1657 doctus
1349 1611 1401 1657 in
1427 1613 1652 1677 exemplo

312 1697 471 1745 'Acad.
497 1696 628 1761 Lips.
657 1698 805 1746 verba
831 1694 898 1763 ἤν
921 1696 978 1746 δὲ·
1005 1698 1178 1746 ταῦτα
1206 1702 1274 1745 τοὶ
1307 1699 1488 1763 πάθη,
1534 1706 1655 1766 περὶ

315 1785 390 1835 ὦν
416 1801 471 1835 vt
496 1787 662 1835 Vltima
690 1787 904 1844 notauit,
940 1801 986 1836 et
1015 1787 1142 1836 haec
1165 1786 1227 1834 ad
1248 1791 1515 1850 marginem
1536 1791 1655 1837 scri-

314 1877 437 1944 psit:
465 1880 623 1939 „Sic“
642 1878 694 1940 (i.
715 1896 752 1926 e.
773 1877 934 1926 verbis
950 1879 1070 1941 περὶ
1086 1873 1179 1941 ὧν)
1201 1880 1518 1940 “desinitfol.
1542 1898 1651 1943 207.

314 1970 369 2015 in
403 1971 506 2015 cod.
542 1971 679 2031 quod
699 1978 773 2016 est
797 1971 946 2016 totius
973 1969 1235 2016 volumini-s·
1264 1969 1499 2015 vltimum.
1567 1973 1653 2019 Ea

314 2061 548 2105 nimirum
585 2059 664 2105 lzic
681 2060 900 2120 finiunt,
950 2076 1078 2122 quae
1108 2059 1317 2121 antiqua
1345 2059 1436 2105 illa
1468 2075 1620 2107 manu
1630 2071 1653 2118 ,'

262 2149 269 2157 “
313 2166 350 2195 a
383 2167 484 2211 qua
513 2157 642 2195 totus
673 2152 849 2210 codex,
907 2151 1096 2210 scripta
1124 2157 1281 2196 erant.
1363 2151 1651 2211 Sequuntur

314 2247 480 2286 autem
509 2240 561 2284 in
591 2242 762 2286 eadem
790 2241 886 2286 hac
915 2241 1089 2286 vltima
1114 2242 1315 2302 pagina
1339 2257 1374 2286 a
1393 2241 1577 2285 recenti
1598 2248 1650 2286 et

305 2330 530 2391 pessima
563 2346 714 2376 manu
756 2331 933 2377 addita
970 2331 1142 2391 pauca
1185 2332 1300 2389 illa,
1347 2346 1475 2392 quae
1518 2329 1646 2375 inter

314 2420 442 2465 duas
459 2420 572 2464 illas
589 2436 730 2466 voces
749 2415 816 2465 ὧν
836 2427 884 2466 et
901 2415 1065 2473 δοκεῖ,
1089 2421 1343 2467 interiecta
1360 2427 1475 2466 sunt
1486 2437 1501 2466 .·
1526 2434 1646 2465 nam

313 2525 415 2556 vox
437 2505 586 2554 δοκεῖ
598 2511 650 2554 in
669 2512 833 2556 codice
853 2526 953 2556 non
975 2510 1200 2571 habetur,
1224 2519 1271 2556 et
1292 2513 1422 2557 duae
1433 2525 1646 2572 sequen-

315 2606 388 2645 tes
403 2600 569 2645 aDno
585 2601 741 2646 Tollio
756 2602 959 2646 additae
978 2601 1140 2647 suntf‘
1176 2599 1326 2648 Vnde
1349 2617 1462 2663 ergo
1486 2611 1643 2645 sumta

315 2685 436 2735 haec
472 2703 679 2738 extrema
705 2689 947 2741 recentior
977 2690 1202 2739 librarius
1232 2688 1460 2740 addidit?
1498 2706 1525 2737 e
1559 2705 1641 2736 co-
