1752 3118
231 645 1205 766 FRAGMENTA·

698 836 738 888 I.

67 929 245 1019 Apex·
285 966 446 1014 autem
507 952 665 1001 omnis
733 951 1038 1018 eloquentiae
1090 953 1398 1026 spiritusque

70 1043 245 1091 Graeci
276 1042 512 1090 habeatur
548 1041 921 1105 DemostheneS‚
954 1043 1149 1111 LysiaS,
1182 1044 1389 1095 Aeschi-

69 1151 174 1191 nes,
210 1130 503 1198 HyperideS‚
537 1130 716 1190 Isaeus,
751 1131 1033 1181 Dinarchus
1069 1135 1178 1200 (qui
1207 1150 1252 1183 et
1274 1135 1390 1184 hor-

71 1207 261 1270 dearius
310 1219 664 1269 Demosthenes
722 1219 885 1287 dictus
942 1224 1066 1288 est),
1133 1224 1390 1285 Isocrates,

68 1309 348 1376 Antiphon:
387 1316 593 1375 [praeter
628 1309 719 1357 hos
741 1310 925 1359 Paulus
948 1313 1210 1373 Tarsensis,
1242 1333 1392 1381 quem

72 1419 159 1464 ego
208 1415 254 1449 et
294 1392 717 1467 primum'eorum
750 1402 896 1451 fuisse
946 1418 1125 1461 statuo,
1174 1391 1260 1469 qui
1297 1403 1393 1466 *do-

71 1505 225 1555 gmata
258 1489 504 1540 traderent
537 1492 828 1555 argumentis
863 1510 964 1541 non
996 1493 1285 1560 probanda.]

698 1670 771 1720 ΙΙ.

70 1758 335 1830 prolatum
368 1798 485 1832 vero
522 1797 594 1833 est
626 1799 843 1834 metrum
873 1803 901 1833 a
921 1783 1066 1846 Deo‚'
1087 1786 1173 1852 qui
1208 1800 1255 1834 et
1278 1803 1395 1834 coe-

74 1873 209 1922 lestia
245 1887 290 1921 et
323 1874 567 1922 terrestria
603 1874 666 1922 ad
702 1893 932 1926 numeros
959 1889 1068 1940 apte
1092 1877 1410 1941 composuitzff

74 1982 181 2012 nam
230 1963 484 2012 harmonia
529 1964 769 2029 quaedam
804 1980 849 2014 et
885 1965 1175 2014 coelestibus
1211 1980 1258 2014 et
1290 1981 1398 2015 ter-

76 2053 308 2102 restrihus
342 2053 393 2101 in
429 2055 577 2102 rebus
611 2055 747 2103 inest.
800 2054 883 2103 An
917 2069 1034 2105 vero
1070 2055 1161 2103 alia
1186 2055 1397 2122 quadam

77 2143 261 2191 ratione
295 2144 535 2215 potuisset
570 2158 791 2193 constare
825 2145 925 2194 hoe
959 2146 1267 2206 vniuersum,
1302 2145 1397 2194 nisi

76 2231 306 2298 rhythmo
350 2231 567 2298 quodam
613 2248 660 2282 et
706 2233 892 2283 ordinis
927 2236 1034 2301 lege
1071 2237 1410 2302 compositum.

79 2320 236 2370 esset?
272 2321 439 2387 Atque
469 2323 633 2385 etiam,
671 2343 793 2390 quae
829 2345 856 2374 a
890 2328 1031 2375 n'obis
1067 2318 1415 2381 conficiuntur„

78 2431 252 2479 opera,
286 2411 349 2460 ad
383 2430 656 2461 mensur-am
679 2416 854 2471 ⁸omnia
875 2432 1129 2483 parantur.
1199 2416 1398 2474 Quodsi

79 2503 253 2564 omnia,
289 2503 446 2551 multo
482 2504 630 2573 magis
664 2506 834 2566 oratio,
871 2508 1057 2574 quippe
1084 2526 1210 2575 quae
1235 2506 1397 2556 omnia

78 2593 276 2641 omnino
334 2594 696 2659 complectatur.
797 2594 926 2645 Nam
975 2597 1197 2665 pedestri-
1249 2597 1396 2646 etiam
