1758 3162
328 307 472 340 xxxn
566 252 571 266 Ι
770 288 1213 341 PRAEFATIO

298 413 305 416 ”
328 411 602 492 emplorui11
627 442 827 490 genere,
849 425 974 474 sicut
995 424 1179 497 ,Morus
1206 427 1406 493 fecerat,
1434 430 1644 480 disseru-

327 513 476 578 imus,
514 531 560 566 et
589 512 738 582 paulo
769 515 972 582 quidem
1004 516 1265 581 copiosius.
1335 516 1414 566 De
1447 539 1513 569 re,
1539 522 1552 566 i
1559 540 1644 586 psa

325 624 505 674 porro,
543 605 605 662 ,de
624 607 824 655 notione
848 622 1026 670 nempe
1049 606 1382 668 sublimitatis,
1420 623 1466 656 et
1488 608 1547 658 de
1570 612 1646 658 via

327 711 377 746 et
395 697 599 758 ratione,
625 714 770 761 quam
792 695 878 744 ille
902 696 1121 761 sequitur
1139 697 1189 743 in
1205 696 1512 761 explicandis
1535 702 1646 748 suh-

258 851 264 857 ‚
325 787 539 836 limitatis
560 787 803 852 partibus,
827 784 952 832 nihil
971 785 1019 831 iu
1039 785 1254 834 editione
1271 787 1538 836 Oxoniensi
1559 808 1647 838 nec
1674 801 1677 805 ’

326 897 354 925 a
375 876 672 938 Ruhntkenio
696 875 787 924 nec
809 874 1044 940 aToupio
1064 875 1251 924 dictum
1274 892 1357 924 aut
1381 877 1648 927 iudicatum

329 982 421 1017 est:
449 985 538 1031 ego
559 969 904 1014 dissertatione
917 969 1095 1015 *critica
1113 981 1272 1015 totum
1297 985 1418 1033 opus
1445 969 1647 1035 eiusque

326 1071 486 1124 partes
517 1057 582 1104 ita
613 1057 896 1120 complexus
925 1074 1058 1111 sum,
1090 1057 1154 1103 ita
1177 1057 1228 1103 in
1259 1072 1514 1123 Vtramque
1541 1079 1649 1124 par-

325 1161 426 1197 tem
455 1164 548 1213 pro
581 1145 807 1195 facultate
833 1164 938 1194 mea
970 1145 1268 1206 diiudicaui‚
1305 1162 1358 1195 vt
1378 1166 1478 1196 non
1500 1149 1648 1199 modo

326 1255 411 1286 sua
445 1252 492 1285 et
521 1235 644 1284 iusta
677 1236 783 1285 laus
821 1249 1037 1284 maneret
1058 1238 1258 1288 auctori
1296 1237 1463 1303 (quod
1500 1257 1649 1287 vnum

323 1327 411 1378 tali
434 1326 752 1392 disputationi
774 1326 1083 1391 propositum
1103 1343 1204 1386 esse
1223 1326 1404 1376 debere
1420 1328 1651 1392 videtur),

325 1419 414 1467 sed
436 1432 488 1467 vt
512 1417 702 1466 cunctis
722 1416 869 1465 rebus
889 1434 990 1464 uon
1011 1434 1184 1480 parum
1207 1418 1349 1464 etiam
1371 1418 1495 1465 lucis
1519 1438 1653 1468 acce-

322 1509 479 1557 deret.
549 1507 676 1554 Nam
698 1507 739 1552 si
760 1506 911 1552 verba
937 1503 1191 1569 diligenter
1216 1507 1543 1572 explicantur,
1578 1529 1651 1559 res

324 1601 383 1649 fit
411 1598 500 1646 illa
534 1591 740 1662 quidem
758 1592 904 1641 simul
933 1594 1218 1658 perspicua,
1253 1596 1341 1646 sed
1365 1612 1526 1648 tamen
1551 1618 1650 1648 non

323 1680 376 1739 in
399 1704 594 1738 omnem
621 1699 819 1751 partem.
862 1722 863 1725 ,
888 1682 956 1731 At
977 1683 1018 1730 si
1041 1685 1201 1732 verbis
1224 1689 1463 1748 auctoris,
1501 1709 1665 1755 quau--

322 1795 425 1830 tum
466 1778 576 1826 fieri
609 1773 792 1842 potest,
835 1773 1018 1822 relictis
1056 1789 1103 1822 et
1137 1776 1328 1824 omissis
1364 1797 1467 1827 rem
1502 1780 1651 1844 ipsam

323 1884 488 1920 nostra
518 1867 737 1916 oratione
763 1882 918 1930 eaque
941 1863 1095 1922 varie,
1129 1881 1279 1930 prout
1304 1885 1377 1915 res
1405 1870 1522 1931 fert,
1546 1890 1653 1919 mu-

323 1974 419 2023 tata
455 1974 730 2024 expressam
765 1954 1128 2003 consideramus
1137 1989 1153 2014 ,
1199 1955 1323 2003 nihil
1358 1958 1652 2026 relinquitur

322 2040 670 2114 ambiguitatis:
708 2061 754 2095 et
767 2081 794 2108 ‚.
826 2044 1099 2110 quidquid,
1135 2063 1235 2094 non
1270 2047 1430 2096 dicam
1464 2052 1656 2099 subob-

321 2132 833 2199 scurumvidebatur,
868 2135 951 2184 sed
977 2137 1118 2184 etiam
1142 2126 1250 2184 satis
1275 2138 1485 2203 clarum,
1522 2160 1651 2190 noua

325 2245 374 2282 et
405 2244 538 2296 grata
571 2229 883 2285 collustratur
913 2228 1041 2276 luce.
1111 2226 1219 2274 Hac
1249 2227 1395 2292 igitur
1413 2247 1489 2277 =ex
1515 2247 1650 2296 parte

321 2334 516 2387 praeter
542 2334 729 2368 ceteros
756 2317 1022 2367 lectoribus
1047 2318 1343 2368 succurrisse
1370 2334 1416 2368 et
1442 2319 1650 2385 diligen-

323 2412 384 2460 tis
408 2409 891 2475 interpretis‘officiQ
926 2424 1165 2474 quantum
1182 2409 1380 2457 facultas
1398 2429 1502 2459 mea
1523 2412 1653 2475 tulit‚'

323 2503 519 2552 functus
541 2519 640 2549 esse
661 2499 846 2549 videor.

429 2581 699 2639 Librorum
723 2582 942 2639 diuersas
969 2589 1204 2639 lectiones
1229 2590 1325 2640 iam
1348 2590 1574 2640 Peareius
1596 2591 1647 2638 in

325 2681 766 2732 Emendationibus
787 2681 838 2731 iu
849 2680 1003 2747 Long.
1025 2682 1308 2747 collegerat,
1345 2681 1431 2732 sed
1455 2701 1529 2731 eas
1549 2696 1649 2731 tan-
