1752 3118
307 265 447 318 Lxxxx
551 264 1077 316 DISSERTATIO
1113 266 1207 314 DE
1243 265 1438 334 VITA

297 393 439 454 vixit,
466 389 718 439 discendae
737 392 1003 439 facultatem
1026 389 1205 437 habuit.
1239 388 1486 453 Equidem
1495 389 1597 437 mul

298 475 351 508 to
377 458 576 522 pronior
598 458 684 504 sim
712 460 762 504 in
783 458 1059 505 sententiam
1086 457 1158 505 Io.
1184 456 1336 503 Iousii
1357 455 1417 504 de
1440 456 1615 522 Script.

299 527 425 575 Hist.
467 524 586 573 Phil.
610 522 696 569 III.
724 528 796 571 14.
831 525 1046 572 Athenas
1071 523 1290 586 Longino
1313 523 1510 589 patriam
1544 524 1620 570 tii-³

301 593 503 641 buentis.
525 590 619 636 Hic
632 608 710 636 cel
713 605 759 638 te
774 591 873 638 eius
891 591 1175 647 auunculus,
1190 589 1428 649 Phronto,
1442 589 1621 638 Emise-

302 678 417 720 nus,
459 673 522 705 ex
546 656 683 703 cuius
707 674 872 703 sorore
895 654 1226 704 Phrontonide
1248 671 1381 705 natus
1401 672 1472 705 est
1493 656 1623 704 Lon·

305 696 469 791 gimis,
523 737 670 770 artem
715 723 1001 771 rhetoricam
1045 723 1260 772 docebat.
1332 723 1442 779 Qua
1477 722 1537 771 de
1572 740 1624 770 le

304 793 522 855 egregius
554 804 623 837 est
652 790 787 837 locus
821 790 1021 838 Suidae·
1069 789 1315 854 Φρόντων
1340 790 1627 870 Εμισηνός,

297 859 497 924 -ρητωρ,
542 860 757 917 γεγονώς
781 860 868 905 ἐπὶ
890 856 1132 921 Σευῆρου
1164 858 1260 905 τοῦ
1286 855 1541 914 βασιλέως
1569 859 1627 904 ἐν

304 925 507 988 Ῥώμη·
534 927 591 971 ἐν
611 922 667 970 δὲ
687 922 932 988 Ἀθήναις
952 923 1321 973 αντεπαίδευσε
1341 921 1627 987 Φιλοστρά-

304 1012 373 1040 τω
398 993 466 1055 τῷ
495 989 699 1054 πρώτῳ,
731 995 825 1037 καὶ
851 990 1030 1055 Ἀψίνῃ
1059 991 1129 1054 τῷ
1156 990 1396 1054 Γαδαρεῖ.
1431 988 1629 1039 &testeb-

304 1074 426 1122 τησε
451 1056 507 1105 δὲ
535 1060 591 1104 ἐν
617 1055 885 1119 Ἀθηναις,
920 1057 1099 1120 aspa?
1139 1057 1228 1122 ἐτη
1264 1057 1501 1118 γεγονως·
1532 1059 1631 1104 καὶ

305 1125 536 1189 ἅδελφῆς
552 1122 905 1187 Φροντωνίδος
933 1121 1100 1171 παῖδα
1121 1123 1517 1184 ὄνταΛογγῖνον
1537 1126 1630 1172 τὸν

303 1195 560 1274 Κριτικιὶν
579 1189 911 1255 κληρονόμον
929 1188 1221 1239 κατέλιπεν.
1253 1192 1448 1255 ἑγραψε
1471 1189 1527 1240 δὲ
1546 1205 1631 1239 611⁴

294 1261 462 1325 χνούς
478 1256 675 1318 λόγους.
728 1258 872 1305 Hunc
891 1257 1241 1335 Phrontonem‚
1267 1259 1502 1306 Graecum
1524 1258 1633 1305 rhe-

304 1340 486 1385 torem,
532 1325 863 1386 Langbaenius
900 1339 947 1371 et
981 1324 1081 1386 alii,
1131 1325 1214 1388 qui
1250 1325 1455 1389 Longini
1488 1325 1632 1374 vitam

306 1406 608 1450 enarrarunt,
637 1405 870 1438 errantem
894 1389 1088 1450 ducem,
1116 1392 1186 1439 Io.
1200 1391 1471 1439 Rualdum
1458 1410 1508 1439 m
1522 1391 1634 1438 Plu-

304 1458 455 1507 tarchi
479 1458 591 1505 Vita
625 1475 666 1504 c.
695 1462 738 1505 5.
760 1458 937 1517 secuti,
972 1472 1151 1505 temere
1175 1457 1498 1505 confuderunt
1522 1476 1633 1506 cum

303 1540 500 1574 oratore
522 1525 739 1571 Romano
753 1562 766 1585 ‚
802 1524 869 1571 M.
892 1525 1118 1572 Cornelio
1134 1523 1402 1584 Frontone,
1438 1525 1507 1573 M.
1529 1524 1636 1572 An-

305 1592 463 1641 tonini
497 1591 784 1655 Philosophi
813 1592 863 1639 in
901 1592 1076 1638 Latinis
1103 1592 1251 1638 literis
1283 1594 1531 1656 magistro,
1569 1591 1632 1639 de

303 1677 402 1723 quo
425 1659 541 1706 vide
564 1659 817 1722 Capitolin.
841 1659 891 1705 in
917 1658 983 1706 M.
1009 1659 1187 1706 Auton.
1214 1675 1256 1706 2.
1321 1659 1480 1716 Quem
1502 1677 1635 1707 erro-

302 1745 431 1783 rem,
456 1743 611 1789 nuper
636 1726 778 1772 etiam
803 1725 1057 1788 repetitum
1083 1725 1141 1772 ab
1165 1725 1391 1774 historiae
1412 1726 1633 1790 philoso-

302 1794 472 1858 phicae
497 1793 810 1856 compilatore
833 1791 974 1839 Tom.
994 1791 1055 1839 ΙΙ.
1077 1811 1120 1856 p.
1148 1796 1258 1840 214.
1285 1793 1347 1840 ita
1369 1793 1634 1840 confutauit

305 1861 379 1908 vir
409 1859 741 1920 doctissimus,
776 1858 1029 1906 Eduaidus
1061 1858 1328 1906 Cor-sinus
1315 1879 1366 1907 ιι]
1387 1858 1635 1908 Plutarchi

303 1926 419 1974 Vita
455 1928 492 1991 ᾗ.
529 1930 572 1974 5.
605 1925 764 1973 dicere
797 1941 847 1972 vt
877 1941 1042 1974 contra
1066 1943 1208 1991 posse
1232 1944 1374 1974 nemo
1404 1926 1633 1977 videatur.

303 1993 552 2052 Phronto‚
597 1993 713 2040 dum
748 1993 886 2053 vixit,
931 1993 1207 2057 Longinum
1236 1999 1286 2040 in
1316 1993 1405 2041 filii
1436 1993 1634 2042 modum

305 2060 509 2120 amauit,
535 2111 540 2114 ,
566 2073 613 2106 et
647 2060 855 2108 moriens
889 2061 1131 2108 bonorum
1174 2078 1366 2108 suorum
1403 2060 1635 2136 heredem

305 2128 507 2191 scripsit.
568 2127 673 2174 Nec
703 2126 909 2175 dubitari
932 2141 1115 2192 potest,
1150 2128 1266 2192 quin
1291 2127 1419 2174 idem
1443 2129 1543 2176 eius
1565 2128 1637 2176 in-

306 2196 502 2259 genium
537 2193 598 2241 ad
634 2212 825 2242 omnem
859 2192 1201 2242 humanitatem
1235 2197 1445 2258 finxenit,
1495 2196 1631 2261 eique

305 2262 456 2320 viam,
500 2279 594 2324 qua
629 2259 691 2308 ad
724 2277 886 2309 veram
922 2261 1242 2324 eloquentiam
1277 2262 1455 2324 iletur,
1490 2280 1631 2310 mon-

258 2360 260 2362 -
305 2330 482 2387 sumit,
505 2329 783 2392 praesertim
800 2346 913 2376 cum
935 2329 1208 2387 aemulatio,
1234 2329 1509 2377 Pht-outoni
1523 2348 1630 2378 cum

306 2394 602 2443 Philostrato
637 2410 684 2442 et
706 2396 895 2483 Apsine
928 2395 1256 2473 intercedens,
1290 2398 1429 2444 cuius
1460 2396 1629 2446 Suidas

305 2463 596 2510 mentionem
630 2462 766 2522 facit,
802 2479 885 2511 le
909 2462 1083 2509 sineret
1104 2464 1283 2511 sororis
1304 2465 1455 2511 filium
1478 2482 1631 2511 acmu-

308 2529 468 2579 lorum
493 2529 771 2598 disciplinae
789 2531 1131 2584 commendari.
