1752 3118
202 266 476 308 LONGINI
505 265 586 306 DE
615 265 792 307 svnt.
821 266 990 309 sEcT.
1019 270 1180 313 xxvu.
1291 286 1347 329 97.

30 383 277 430 nationem
310 382 408 428 irae
444 379 580 426 ducis
615 374 838 445 repente,
873 380 1013 430 nullo
1034 383 1236 432 transitu
1257 402 1344 432 no-

32 487 158 533 tato,
191 469 384 519 tribuit:
430 469 623 533 frigeret
659 469 787 517 enim
821 471 1010 530 oratio,
1055 472 1097 519 si
1131 471 1345 521 adiecis-

32 576 130 610 set:
165 559 376 609 Dicebat
408 568 571 606 autem
591 562 784 607 Hector
803 562 924 608 haec
955 564 1037 608 vel
1064 564 1176 610 illa:
1211 579 1345 610 nunc

31 651 232 699 transire
291 649 534 697 volentem
583 649 802 697 celeriter
864 650 1134 714 praecurrit
1190 651 1341 699 oratio

30 739 276 788 transienS.
346 737 510 794 Quare
544 751 650 785 tum
681 737 774 785 hac
810 740 965 801 figura
986 739 1219 787 Vtendum
1257 754 1341 801 est,
1378 759 1406 789 2

29 847 146 877 cum
178 827 424 892 temporis.
443 827 658 875 celeritas
696 828 913 875 cunctari
934 829 1223 893 scriptorem
1244 847 1345 877 nou

26 917 290 984 permittit,
327 915 412 965 sed
447 917 506 963 ab
542 917 632 964 alia
665 934 871 982 persona
906 918 968 966 ad
1010 919 1155 967 aliam
1189 920 1345 967 statim

29 1007 232 1054 transire
268 1006 422 1070 cogit,
454 1020 506 1054 vt
541 1006 682 1054 etiam
715 1008 766 1053 in
798 1007 886 1055 illo
919 1008 1172 1056 Hecataei:
1213 1011 1344 1072 Ceyx

30 1106 211 1155 autem,
249 1098 333 1160 qui
373 1098 493 1143 haec
522 1113 770 1159 perquam
792 1115 944 1159 aegre
960 1100 1147 1158 ferret,
1179 1100 1346 1146 statim

28 1188 251 1247 migrare
283 1187 588 1232 Heraclidas
632 1188 772 1231 ius-sit
785 1204 800 1232 :
847 1203 1002 1248 neque
1043 1189 1172 1233 enim
1212 1187 1348 1234 vobi-9

30 1291 173 1336 opem
191 1276 340 1334 ferre
352 1290 571 1336 possum.
617 1276 696 1321 Ne
728 1276 882 1336 igitur
914 1284 962 1320 et
994 1292 1082 1322 vos
1106 1277 1346 1338 pereatis,

30 1372 77 1409 et
110 1364 229 1409 mihi
270 1365 447 1411 vulnus
487 1363 725 1424 infligatis
739 1399 754 1425 ²
805 1366 877 1411 ad
916 1367 1068 1411 aliam
1103 1367 1348 1427 populum

1381 1453 1410 1498 01

29 1455 256 1513 migrate.
326 1450 684 1499 Demosthenes
720 1453 850 1499 enim
882 1451 933 1498 in
968 1452 1080 1500 loco
1127 1451 1189 1500 de
1223 1452 1346 1499 Ari-

30 1539 272 1603 stogitone
308 1539 406 1586 alio
439 1538 590 1587 modo
628 1541 802 1602 effecit,
834 1530 885 1589 vt
906 1548 1221 1605 personarum
1242 1559 1349 1606 per-

30 1630 233 1676 mutatio
292 1627 511 1676 adfectus
567 1642 614 1678 et
672 1630 925 1680 celeritatis
975 1631 1167 1694 signum
1213 1645 1348 1680 esset.

29 1721 136 1767 Nec
170 1720 429 1781 quisquam
461 1727 701 1779 vestrum,
748 1719 939 1785 inquit,
985 1723 1120 1784 erit‚‘
1146 1723 1232 1784 qui
1272 1723 1350 1779 iis,

29 1826 159 1872 quae
191 1811 419 1856 scelestus
452 1810 543 1856 iste
576 1818 623 1857 et
654 1812 912 1873 impudens
947 1829 1047 1874 per·
1087 1814 1187 1859 vim
1204 1813 1351 1873 fecit,

29 1900 315 1958 indignetur
364 1907 412 1945 et
466 1900 751 1948 irascatur?
811 1903 928 1963 Qui,
983 1902 1352 1948 sceleratissime

31 1989 272 2048 omnium,
315 1991 509 2036 occlusa
559 1990 646 2036 tibi
699 1990 922 2038 libertate
973 1992 1189 2051 dicendi,
1250 2005 1351 2036 non

34 2079 285 2137 cancellis,
348 2095 447 2126 non
505 2080 736 2141 foribus,
805 2099 929 2145 quas
992 2082 1172 2143 aliquis
1225 2097 1349 2141 ape-

34 2168 219 2225 ruerit,
268 2193 354 2203 --=
388 2167 622 2215 Nondum
670 2169 889 2219 absoluta
932 2169 1163 2218 sententia
1198 2181 1351 2215 mutat
1393 2188 1417 2212 ;.

36 2253 330 2317 orationem,
365 2274 612 2323 vnumque
647 2261 853 2307 verbum
894 2278 1008 2325 prae
1051 2260 1122 2305 ira
1164 2260 1349 2322 prope-
1390 2249 1394 2251 i

35 2341 240 2389 modum
288 2345 339 2391 in
381 2344 498 2394 duas
545 2366 773 2413 personas
821 2349 1034 2407 diuellit,
1085 2350 1204 2408 Qui,
1251 2363 1348 2394 ⁸02·

34 2434 341 2492 leratissime,
376 2448 481 2482 tum
503 2439 718 2487 oratione
740 2439 805 2487 ad
826 2438 1211 2502 Aristogitonem·
1231 2447 1348 2484 con-

36 2537 172 2570 versa
221 2542 323 2571 rem
368 2540 587 2590 coeptam
630 2529 911 2594 relinquere
945 2528 1164 2589 videtur,
1210 2540 1255 2574 et
1279 2540 1354 2572 ta«

35 2629 147 2660 men
172 2613 239 2661 ira
260 2633 495 2676 accensu-⁰4
514 2617 670 2668 multo
692 2618 1021 2681 vehementius
1039 2617 1185 2670 redit.
1229 2608 1358 2669 Nou·
1380 2619 1411 2665 4
1524 2641 1555 2645 ’

1075 2709 1120 2756 G
