1752 3118
313 288 417 320 Lxu
550 269 945 321 RECENSIO
989 269 1447 319 EDITIONVM

312 394 660 448 sicutadiectas
674 395 734 443 ¹in
755 397 849 443 fine
870 394 1182 460 prae-sationes
1205 406 1251 441 et
1273 390 1362 439 alia
1383 409 1440 440 ex
1460 391 1627 441 editio-

311 461 452 510 nibus
467 462 643 517 ,Petrae
664 477 710 509 et
728 462 865 509 Fabri
890 461 1149 525 depromta.

337 528 342 533 ”
412 530 534 577 Cum
567 530 827 576 litterarum
855 528 1092 576 studiosos
1128 526 1349 575 editionis
1373 527 1622 576 Tollianae

304 613 476 660 magna
508 596 655 644 moles
687 610 734 642 et
762 595 978 643 insanum
1004 599 1206 658 pretium
1238 595 1296 641 ab
1333 592 1534 642 emendo
1559 596 1623 642 le-

307 662 564 727 gendoque
593 662 874 722 deterreret,
921 662 1178 711 ansonvs
1213 678 1315 708 eam
1343 661 1406 710 ita
1441 660 1624 725 redegit

309 730 362 778 in
390 728 755 794 compendium,
799 743 848 777 vt
867 729 1180 776 luxuriantem
1211 743 1428 775 notarum
1456 728 1626 777 siluam

312 811 568 856 coerceret,
591 795 952 859 versionemque
966 795 1116 842 Tollii
1128 810 1374 848 reuocaret
1392 794 1452 842 ad
1466 795 1628 843 breui-

310 878 453 912 tatem
489 864 636 927 ipsius
658 863 915 926 scriptoris.
983 862 1121 909 Nihil
1141 863 1224 910 ille
1246 864 1401 910 bonae
1425 859 1573 924 frugis
1599 879 1626 910 e

311 929 542 978 Tollianis
564 930 792 977 resecauit
809 943 854 976 et
871 947 998 977 noua
1020 930 1157 976 etiam
1177 930 1406 976 nonnulla
1426 928 1623 987 addidit,

309 998 360 1044 in
408 998 579 1060 quibus
620 1009 665 1043 et
711 997 937 1043 lectiones
977 1014 1001 1043 e
1039 995 1205 1044 codice
1242 995 1625 1060 Cantabrigiensi.

309 1064 483 1127 Magna
518 1063 752 1110 breuitate
784 1063 833 1108 in
862 1062 938 1109 his
971 1064 1194 1109 omnibus
1233 1081 1343 1111 vsus
1380 1077 1462 1111 est.
1515 1063 1626 1110 Hoc

309 1129 386 1178 vel
407 1147 462 1177 ex
479 1131 537 1178 eo
564 1130 667 1194 quis
687 1130 939 1190 existimet,
968 1128 1100 1192 quod
1119 1130 1223 1176 eius
1248 1128 1393 1176 editio
1417 1129 1624 1193 primum

310 1196 489 1244 Oxonii
510 1215 635 1255 1710
657 1197 840 1244 octonis
860 1196 1085 1260 impressa
1106 1211 1291 1244 constat
1318 1197 1498 1260 paginis
1514 1200 1625 1257 150,

310 1282 424 1312 cum
447 1264 527 1311 illa
540 1262 691 1310 Tollii
718 1264 953 1327 quaternis
975 1263 1200 1327 impressa
1217 1265 1313 1310 408
1334 1264 1523 1327 paginas
1548 1279 1626 1309 ex-

307 1331 446 1396 pleat.
496 1331 638 1376 Recte
656 1330 799 1393 igitur
823 1329 991 1376 Morus
1010 1330 1132 1376 hanc
1155 1329 1415 1377 editionem
1440 1343 1624 1394 praeter

310 1412 496 1445 ceteras·
522 1397 682 1442 vtilem
711 1396 1008 1459 consilioque
1034 1396 1317 1443 discentium
1349 1414 1627 1444 accommo-

309 1463 466 1511 datam
496 1462 744 1508 iudicabat.
815 1461 964 1518 Quod
993 1479 1108 1509 vero
1139 1462 1270 1510 idem
1293 1462 1461 1522 tradit,
1503 1462 1627 1510 hanc

309 1530 567 1577 editionem
593 1547 630 1575 a.
654 1533 778 1588 1718
804 1543 850 1575 et
876 1533 1001 1589 1750
1026 1528 1126 1576 sine
1153 1523 1248 1576 vlla
1267 1530 1527 1577 mutatione
1546 1547 1629 1577 re-

309 1615 472 1645 cusam
495 1612 622 1654 esse,
660 1594 744 1641 id*
732 1596 887 1642 muito
906 1610 954 1643 et
972 1594 1102 1642 aliud
1129 1596 1312 1663 agenti,
1355 1611 1405 1647 vt
1426 1597 1629 1661 opinor,

299 1662 496 1712 excidit.
566 1662 690 1709 Nam
736 1660 881 1709 editio
918 1662 1028 1709 anni
1081 1665 1204 1723 1718
1256 1679 1281 1709 e
1321 1663 1559 1710 Boiuinii
1579 1677 1626 1711 et

305 1728 693 1779 Schurzfleischii
746 1729 1222 1777 commentationibus
1280 1730 1338 1776 ab
1385 1728 1625 1778 Hudsono

309 1797 604 1861 aliquantum
628 1796 922 1860 locupletata
958 1810 1040 1845 est.
1107 1796 1152 1844 N
1160 1814 1216 1860 e
1219 1812 1278 1843 ue
1311 1796 1408 1843 hoc
1453 1795 1625 1844 Morus

306 1864 580 1928 ignorabat,
641 1880 751 1909 cum
785 1862 845 1910 ad
880 1863 1006 1912 Sect.
1044 1879 1071 1910 2
1109 1877 1222 1909 extr.
1256 1863 1510 1925 scriberet,
1564 1864 1628 1910 ab

306 1929 548 2004 Hudsono
578 1943 820 1994 teceptum
851 1948 949 1977 esse
971 1928 1248 1995 ἠγήσαιτο;
1284 1948 1390 1976 nam
1422 1930 1471 1976 in
1491 1928 1560 1977 ed.
1588 1941 1630 1977 a.'

302 2015 372 2060 *1¹7
385 2014 443 2046 10
463 2012 529 2044 est
546 1997 837 2061 κομίσαςτο.
873 1996 972 2044 Sed
992 1997 1127 2044 tertia
1145 1995 1293 2044 editio
1315 2015 1342 2044 a
1359 1996 1626 2061 bibliopola

309 2081 412 2112 sine
437 2081 563 2111 noua
586 2079 842 2112 mutatione
861 2078 1019 2112 curata
1044 2077 1125 2111 est.
1277 2112 1281 2115 s

410 2131 538 2177 Hinc
559 2149 731 2208 magno
752 2131 912 2178 studio
935 2132 1112 2178 librum
1130 2150 1180 2179 π
1202 2151 1248 2179 v.
1270 2148 1296 2178 e
1315 2129 1563 2180 codicibus
1579 2145 1625 2180 et

290 2197 517 2247 editione
542 2199 690 2275 prin-ra
713 2199 950 2262 corrigere
971 2213 1017 2246 et
1039 2198 1088 2245 in
1108 2199 1373 2264 pristinam,
1398 2213 1626 2263 quantum

308 2266 412 2314 fieri
434 2280 616 2330 posset,
643 2266 957 2328 integritatem
978 2265 1220 2314 restituere
1244 2266 1403 2329 coepit
1425 2266 1626 2314 ZAcHA-

307 2348 424 2381 BIAS
455 2332 669 2380 PEARCE
736 2339 861 2380 Nam
891 2334 1010 2381 haec
1037 2333 1233 2380 maxima
1271 2333 1369 2380 eius
1398 2331 1498 2380 laus
1531 2345 1627 2395 est,

312 2398 446 2464 quod
479 2400 707 2448 lectiones
744 2416 954 2449 veterum
1000 2401 1230 2447 librorum
1274 2399 1623 2463 diligentissime

310 2465 549 2530 indagatas
581 2468 789 2526 notauit,
836 2484 882 2516 et
908 2469 1157 2516 nonnullas
1188 2468 1327 2514 etiam
1355 2481 1478 2514 recte
1503 2465 1623 2512 diiua

312 2533 503 2581 dicauit.
539 2534 635 2581 Sed
660 2554 800 2599 quam
821 2549 867 2582 et
890 2536 990 2600 ipse
1012 2553 1188 2582 nouam
1207 2534 1319 2582 fecit
1341 2534 1619 2592 versionem,

313 2617 366 2647 ea
391 2600 586 2648 minime
611 2618 680 2650 est
698 2603 891 2663 Latina,
920 2618 966 2650 et
987 2602 1133 2666 magis
1153 2602 1203 2648 in
1223 2603 1428 2666 speciem
1439 2637 1455 2658 ,
1480 2618 1620 2664 quam

312 2685 364 2716 re
377 2668 489 2734 ipsai
520 2669 714 2720 Graecis
763 2671 965 2733 auctoris
1010 2670 1254 2725 conuenit,
1320 2667 1477 2718 Prima
1522 2667 1624 2715 eius
