<?xml version="1.0" encoding="UTF-8"?>
<!DOCTYPE html PUBLIC "-//W3C//DTD XHTML 1.0 Transitional//EN"
    "http://www.w3.org/TR/xhtml1/DTD/xhtml1-transitional.dtd">
<html xmlns="http://www.w3.org/1999/xhtml" xml:lang="en" lang="en">
 <head>
  <title>
</title>
<meta http-equiv="Content-Type" content="text/html;charset=utf-8" />
  <meta name='ocr-system' content='tesseract 3.04.00' />
  <meta name='ocr-capabilities' content='ocr_page ocr_carea ocr_par ocr_line ocrx_word'/>
</head>
<body>
  <div class='ocr_page' id='page_1' title='image "./dionysiilonginid00long_0798.png"; bbox 0 0 1718 3122; ppageno 0'>
   <div class='ocr_carea' id='block_1_1' title="bbox 292 270 1269 318">
    <p class='ocr_par' dir='ltr' id='par_1_1' title="bbox 292 270 1269 318">
     <span class='ocr_line' id='line_1_1' title="bbox 292 270 1269 318; baseline 0.004 -4"><span class='ocrx_word' id='word_1_1' title='bbox 292 274 374 314; x_wconf 74' lang='lat'><em>624</em></span> <span class='ocrx_word' id='word_1_2' title='bbox 633 270 864 315; x_wconf 80' lang='lat' dir='ltr'><strong>VARIAE</strong></span> <span class='ocrx_word' id='word_1_3' title='bbox 901 272 1269 318; x_wconf 83' lang='lat' dir='ltr'><strong>LECTIONES</strong></span> 
     </span>
    </p>
   </div>
   <div class='ocr_carea' id='block_1_2' title="bbox 371 383 1611 450">
    <p class='ocr_par' dir='ltr' id='par_1_2' title="bbox 371 383 1611 450">
     <span class='ocr_line' id='line_1_2' title="bbox 371 383 1611 450; baseline 0.004 -24"><span class='ocrx_word' id='word_1_4' title='bbox 371 383 583 450; x_wconf 64' lang='grc' dir='ltr'><em>κεκονρυλ.</em></span> <span class='ocrx_word' id='word_1_5' title='bbox 604 412 660 450; x_wconf 40' lang='lat'><em>2.</em></span> <span class='ocrx_word' id='word_1_6' title='bbox 676 384 710 427; x_wconf 83' lang='grc' dir='ltr'><em>τ’</em></span> <span class='ocrx_word' id='word_1_7' title='bbox 720 384 885 441; x_wconf 72' lang='grc' dir='ltr'><em>ἀρετῆς]</em></span> <span class='ocrx_word' id='word_1_8' title='bbox 914 386 1007 427; x_wconf 81' lang='lat' dir='ltr'>vat.</span> <span class='ocrx_word' id='word_1_9' title='bbox 1028 400 1067 428; x_wconf 85' lang='lat'><em>2.</em></span> <span class='ocrx_word' id='word_1_10' title='bbox 1104 387 1500 444; x_wconf 80' lang='grc' dir='ltr'><em>κεκονδυλισμένον,</em></span> <span class='ocrx_word' id='word_1_11' title='bbox 1530 386 1611 444; x_wconf 75' lang='grc' dir='ltr'><em>ἥμι</em></span> 
     </span>
    </p>
   </div>
   <div class='ocr_carea' id='block_1_3' title="bbox 268 439 1610 2534">
    <p class='ocr_par' dir='ltr' id='par_1_3' title="bbox 292 439 1342 495">
     <span class='ocr_line' id='line_1_3' title="bbox 292 439 1342 495; baseline -0.003 -11"><span class='ocrx_word' id='word_1_12' title='bbox 292 441 346 484; x_wconf 80' lang='grc' dir='ltr'><em>σύ</em></span> <span class='ocrx_word' id='word_1_13' title='bbox 364 440 449 494; x_wconf 76' lang='grc' dir='ltr'><em>γάρ</em></span> <span class='ocrx_word' id='word_1_14' title='bbox 469 458 491 485; x_wconf 74' lang='grc' dir='ltr'><em>τ</em></span> <span class='ocrx_word' id='word_1_15' title='bbox 519 439 680 495; x_wconf 61' lang='lat' dir='ltr'><em>deame.</em></span> <span class='ocrx_word' id='word_1_16' title='bbox 1337 486 1342 489; x_wconf 58' lang='grc'><strong>,</strong></span> 
     </span>
    </p>

    <p class='ocr_par' dir='ltr' id='par_1_4' title="bbox 285 490 1609 676">
     <span class='ocr_line' id='line_1_4' title="bbox 373 490 1602 560; baseline 0.003 -23"><span class='ocrx_word' id='word_1_17' title='bbox 373 490 607 560; x_wconf 55' lang='lat' dir='ltr'><em>‹innah-n&amp;</em></span> <span class='ocrx_word' id='word_1_18' title='bbox 636 492 764 552; x_wconf 52' lang='lat' dir='ltr'><em>&#39;‘5⁴22th</em></span> <span class='ocrx_word' id='word_1_19' title='bbox 797 497 890 538; x_wconf 82' lang='lat' dir='ltr'><strong>Vat.</strong></span> <span class='ocrx_word' id='word_1_20' title='bbox 904 512 943 538; x_wconf 88' lang='lat'><em>2.</em></span> <span class='ocrx_word' id='word_1_21' title='bbox 975 498 1245 550; x_wconf 82' lang='grc' dir='ltr'><em>άπηαίνυται</em></span> <span class='ocrx_word' id='word_1_22' title='bbox 1270 498 1387 541; x_wconf 83' lang='grc' dir='ltr'><em>δοὺλι</em></span> <span class='ocrx_word' id='word_1_23' title='bbox 1408 494 1602 555; x_wconf 83' lang='grc' dir='ltr'><em>ονῆμαρ.</em></span> 
     </span>
     <span class='ocr_line' id='line_1_5' title="bbox 286 560 1609 634; baseline 0.004 -30"><span class='ocrx_word' id='word_1_24' title='bbox 286 566 379 634; x_wconf 61' lang='grc' dir='ltr'><em>Υειῒ.</em></span> <span class='ocrx_word' id='word_1_25' title='bbox 398 564 437 603; x_wconf 81' lang='lat'><em>3.</em></span> <span class='ocrx_word' id='word_1_26' title='bbox 474 563 740 605; x_wconf 78' lang='grc' dir='ltr'><em>άποαινυται</em></span> <span class='ocrx_word' id='word_1_27' title='bbox 757 564 944 608; x_wconf 76' lang='grc' dir='ltr'><em>δουλεϊον</em></span> <span class='ocrx_word' id='word_1_28' title='bbox 963 560 1096 622; x_wconf 69' lang='grc' dir='ltr'><em>ἦμαρ.</em></span> <span class='ocrx_word' id='word_1_29' title='bbox 1127 567 1228 607; x_wconf 87' lang='lat' dir='ltr'>Rob.</span> <span class='ocrx_word' id='word_1_30' title='bbox 1238 581 1402 620; x_wconf 88' lang='lat' dir='ltr'>quoque</span> <span class='ocrx_word' id='word_1_31' title='bbox 1422 567 1609 609; x_wconf 79' lang='grc' dir='ltr'><em>δουλεῖον</em></span> 
     </span>
     <span class='ocr_line' id='line_1_6' title="bbox 285 633 1201 676; baseline 0.002 -3"><span class='ocrx_word' id='word_1_32' title='bbox 285 633 422 676; x_wconf 68' lang='lat' dir='ltr'><em>wae-</em></span> <span class='ocrx_word' id='word_1_33' title='bbox 1198 635 1201 638; x_wconf 88' lang='grc'>’</span> 
     </span>
    </p>

    <p class='ocr_par' dir='ltr' id='par_1_5' title="bbox 284 674 1608 785">
     <span class='ocr_line' id='line_1_7' title="bbox 340 674 1608 731; baseline 0.003 -16"><span class='ocrx_word' id='word_1_34' title='bbox 340 676 382 731; x_wconf 78' lang='lat'><em>§.</em></span> <span class='ocrx_word' id='word_1_35' title='bbox 402 676 441 716; x_wconf 84' lang='lat'><em>5.</em></span> <span class='ocrx_word' id='word_1_36' title='bbox 471 674 624 718; x_wconf 77' lang='grc' dir='ltr'><em>πιστόν</em></span> <span class='ocrx_word' id='word_1_37' title='bbox 644 674 802 731; x_wconf 82' lang='grc' dir='ltr'><em>άκούω]</em></span> <span class='ocrx_word' id='word_1_38' title='bbox 823 677 950 718; x_wconf 82' lang='lat' dir='ltr'><strong>codd.</strong></span> <span class='ocrx_word' id='word_1_39' title='bbox 972 683 1015 719; x_wconf 81' lang='lat' dir='ltr'><em>&#39;et</em></span> <span class='ocrx_word' id='word_1_40' title='bbox 1032 680 1131 721; x_wconf 75' lang='lat' dir='ltr'>Rob.</span> <span class='ocrx_word' id='word_1_41' title='bbox 1150 679 1299 720; x_wconf 82' lang='grc' dir='ltr'><em>πιστόν</em></span> <span class='ocrx_word' id='word_1_42' title='bbox 1320 678 1433 721; x_wconf 79' lang='grc' dir='ltr'><em>ἔστιν</em></span> <span class='ocrx_word' id='word_1_43' title='bbox 1452 679 1608 721; x_wconf 87' lang='grc' dir='ltr'><em>α’κούω.</em></span> 
     </span>
     <span class='ocr_line' id='line_1_8' title="bbox 284 732 963 785; baseline 0.006 -13"><span class='ocrx_word' id='word_1_44' title='bbox 284 732 380 772; x_wconf 86' lang='lat' dir='ltr'><strong>Vid.</strong></span> <span class='ocrx_word' id='word_1_45' title='bbox 395 760 407 781; x_wconf 90' lang='lat'><strong>,</strong></span> <span class='ocrx_word' id='word_1_46' title='bbox 437 732 473 770; x_wconf 83' lang='lat' dir='ltr'><em>si</em></span> <span class='ocrx_word' id='word_1_47' title='bbox 485 733 648 785; x_wconf 77' lang='lat' dir='ltr'><strong>placet,</strong></span> <span class='ocrx_word' id='word_1_48' title='bbox 673 739 779 772; x_wconf 84' lang='lat' dir='ltr'>nott.</span> <span class='ocrx_word' id='word_1_49' title='bbox 799 734 852 772; x_wconf 85' lang='lat' dir='ltr'><em>ad</em></span> <span class='ocrx_word' id='word_1_50' title='bbox 867 734 911 774; x_wconf 83' lang='lat' dir='ltr'><em>h.</em></span> <span class='ocrx_word' id='word_1_51' title='bbox 933 734 963 776; x_wconf 88' lang='lat' dir='ltr'><em>l.</em></span> 
     </span>
    </p>

    <p class='ocr_par' dir='ltr' id='par_1_6' title="bbox 272 786 1610 1120">
     <span class='ocr_line' id='line_1_9' title="bbox 304 786 1609 842; baseline 0.001 -13"><span class='ocrx_word' id='word_1_52' title='bbox 304 815 306 818; x_wconf 94' lang='lat'>-</span> <span class='ocrx_word' id='word_1_53' title='bbox 367 786 422 829; x_wconf 80' lang='grc' dir='ltr'><em>τοὶ</em></span> <span class='ocrx_word' id='word_1_54' title='bbox 441 786 626 842; x_wconf 80' lang='grc' dir='ltr'><em>γλωττόκ</em></span> <span class='ocrx_word' id='word_1_55' title='bbox 639 817 648 826; x_wconf 95' lang='grc'><em>.</em></span> <span class='ocrx_word' id='word_1_56' title='bbox 661 817 671 827; x_wconf 88' lang='grc'><em>.</em></span> <span class='ocrx_word' id='word_1_57' title='bbox 683 815 695 826; x_wconf 81' lang='grc'><em>.</em></span> <span class='ocrx_word' id='word_1_58' title='bbox 707 791 958 842; x_wconf 83' lang='grc' dir='ltr'><em>.τρέφοντα]</em></span> <span class='ocrx_word' id='word_1_59' title='bbox 987 791 1080 831; x_wconf 86' lang='lat' dir='ltr'><strong>Par.</strong></span> <span class='ocrx_word' id='word_1_60' title='bbox 1095 820 1106 838; x_wconf 93' lang='lat'>‚</span> <span class='ocrx_word' id='word_1_61' title='bbox 1138 798 1243 831; x_wconf 77' lang='lat' dir='ltr'><strong>teste</strong></span> <span class='ocrx_word' id='word_1_62' title='bbox 1259 790 1304 833; x_wconf 88' lang='lat' dir='ltr'><em>B.</em></span> <span class='ocrx_word' id='word_1_63' title='bbox 1315 819 1325 839; x_wconf 94' lang='lat'>‚</span> <span class='ocrx_word' id='word_1_64' title='bbox 1354 797 1396 829; x_wconf 87' lang='lat' dir='ltr'><em>et</em></span> <span class='ocrx_word' id='word_1_65' title='bbox 1413 789 1536 829; x_wconf 85' lang='lat' dir='ltr'><strong>Laur.</strong></span> <span class='ocrx_word' id='word_1_66' title='bbox 1552 789 1609 830; x_wconf 77' lang='grc' dir='ltr'><em>τοῖ</em></span> 
     </span>
     <span class='ocr_line' id='line_1_10' title="bbox 284 842 1608 898; baseline 0.001 -14"><span class='ocrx_word' id='word_1_67' title='bbox 284 846 333 898; x_wconf 72' lang='grc' dir='ltr'><em>γλ</em></span> <span class='ocrx_word' id='word_1_68' title='bbox 336 872 442 883; x_wconf 90' lang='grc'><strong>.....</strong></span> <span class='ocrx_word' id='word_1_69' title='bbox 456 842 712 898; x_wconf 82' lang='grc' dir='ltr'><em>καλούμενοι</em></span> <span class='ocrx_word' id='word_1_70' title='bbox 743 844 786 884; x_wconf 77' lang='grc' dir='ltr'><em>δὲ</em></span> <span class='ocrx_word' id='word_1_71' title='bbox 811 844 923 886; x_wconf 89' lang='grc' dir='ltr'><em>νάοι.</em></span> <span class='ocrx_word' id='word_1_72' title='bbox 965 846 1176 885; x_wconf 76' lang='lat' dir='ltr'>particula</span> <span class='ocrx_word' id='word_1_73' title='bbox 1205 847 1247 886; x_wconf 82' lang='grc' dir='ltr'><em>δὲ</em></span> <span class='ocrx_word' id='word_1_74' title='bbox 1273 847 1374 885; x_wconf 88' lang='lat' dir='ltr'>item</span> <span class='ocrx_word' id='word_1_75' title='bbox 1394 846 1439 884; x_wconf 88' lang='lat' dir='ltr'><em>in</em></span> <span class='ocrx_word' id='word_1_76' title='bbox 1467 846 1608 885; x_wconf 83' lang='lat' dir='ltr'><strong>Ambr.</strong></span> 
     </span>
     <span class='ocr_line' id='line_1_11' title="bbox 272 899 1610 955; baseline 0.002 -17"><span class='ocrx_word' id='word_1_77' title='bbox 272 900 450 951; x_wconf 74' lang='lat' dir='ltr'><em>⁴legitur.</em></span> <span class='ocrx_word' id='word_1_78' title='bbox 476 899 567 937; x_wconf 86' lang='lat' dir='ltr'><strong>Vat.</strong></span> <span class='ocrx_word' id='word_1_79' title='bbox 580 909 617 938; x_wconf 82' lang='lat'><em>2&#39;.</em></span> <span class='ocrx_word' id='word_1_80' title='bbox 635 904 775 938; x_wconf 65' lang='lat' dir='ltr'><strong>autem</strong></span> <span class='ocrx_word' id='word_1_81' title='bbox 793 900 1136 955; x_wconf 73' lang='grc' dir='ltr'><em>γλωττόκωμα·ἐν</em></span> <span class='ocrx_word' id='word_1_82' title='bbox 1156 901 1221 944; x_wconf 86' lang='grc' dir='ltr'><em>οἷς</em></span> <span class='ocrx_word' id='word_1_83' title='bbox 1236 901 1478 953; x_wconf 78' lang='grc' dir='ltr'><em>ὑπῢγμαιοι</em></span> <span class='ocrx_word' id='word_1_84' title='bbox 1487 930 1502 948; x_wconf 88' lang='lat'><em>,</em></span> <span class='ocrx_word' id='word_1_85' title='bbox 1532 906 1610 941; x_wconf 77' lang='grc' dir='ltr'><em>καὶ</em></span> 
     </span>
     <span class='ocr_line' id='line_1_12' title="bbox 286 952 1609 1010; baseline 0.002 -17"><span class='ocrx_word' id='word_1_86' title='bbox 286 954 337 995; x_wconf 84' lang='grc' dir='ltr'><em>οὐ</em></span> <span class='ocrx_word' id='word_1_87' title='bbox 352 970 474 1009; x_wconf 83' lang='grc' dir='ltr'><em>μενοι</em></span> <span class='ocrx_word' id='word_1_88' title='bbox 492 952 536 993; x_wconf 85' lang='grc' dir='ltr'><em>δὲ</em></span> <span class='ocrx_word' id='word_1_89' title='bbox 556 953 656 994; x_wconf 87' lang='grc' dir='ltr'><em>νάοι</em></span> <span class='ocrx_word' id='word_1_90' title='bbox 674 971 770 1008; x_wconf 63' lang='lat'>6²59·</span> <span class='ocrx_word' id='word_1_91' title='bbox 832 955 922 994; x_wconf 86' lang='lat' dir='ltr'><strong>Vat.</strong></span> <span class='ocrx_word' id='word_1_92' title='bbox 947 957 986 995; x_wconf 80' lang='lat'><em>3.</em></span> <span class='ocrx_word' id='word_1_93' title='bbox 1019 954 1078 996; x_wconf 73' lang='grc' dir='ltr'><em>τοὶ</em></span> <span class='ocrx_word' id='word_1_94' title='bbox 1099 955 1370 1010; x_wconf 77' lang='grc' dir='ltr'><em>γλωττόκομα</em></span> <span class='ocrx_word' id='word_1_95' title='bbox 1399 961 1444 996; x_wconf 76' lang='grc' dir='ltr'><em>ἐν</em></span> <span class='ocrx_word' id='word_1_96' title='bbox 1470 957 1535 1002; x_wconf 83' lang='grc' dir='ltr'><em>οἷς</em></span> <span class='ocrx_word' id='word_1_97' title='bbox 1564 962 1609 997; x_wconf 82' lang='grc' dir='ltr'><em>οἱ</em></span> 
     </span>
     <span class='ocr_line' id='line_1_13' title="bbox 283 1009 1609 1075; baseline 0.004 -26"><span class='ocrx_word' id='word_1_98' title='bbox 283 1014 499 1075; x_wconf 57' lang='grc' dir='ltr'><em>πργμαῖοι</em></span> <span class='ocrx_word' id='word_1_99' title='bbox 522 1025 561 1049; x_wconf 88' lang='grc' dir='ltr'><em>κ.</em></span> <span class='ocrx_word' id='word_1_100' title='bbox 586 1010 630 1052; x_wconf 82' lang='grc' dir='ltr'><em>δὲ</em></span> <span class='ocrx_word' id='word_1_101' title='bbox 648 1026 764 1055; x_wconf 52' lang='grc' dir='ltr'><em>νΑνοι</em></span> <span class='ocrx_word' id='word_1_102' title='bbox 791 1025 852 1066; x_wconf 88' lang='grc' dir='ltr'><em>τρ.</em></span> <span class='ocrx_word' id='word_1_103' title='bbox 885 1011 1049 1052; x_wconf 81' lang='lat' dir='ltr'>Pariter</span> <span class='ocrx_word' id='word_1_104' title='bbox 1069 1010 1131 1050; x_wconf 87' lang='lat' dir='ltr'><em>El.</em></span> <span class='ocrx_word' id='word_1_105' title='bbox 1153 1018 1195 1050; x_wconf 87' lang='lat' dir='ltr'><em>et</em></span> <span class='ocrx_word' id='word_1_106' title='bbox 1211 1011 1323 1051; x_wconf 87' lang='lat' dir='ltr'><strong>Man.</strong></span> <span class='ocrx_word' id='word_1_107' title='bbox 1342 1009 1394 1052; x_wconf 78' lang='grc' dir='ltr'><em>τοὲ</em></span> <span class='ocrx_word' id='word_1_108' title='bbox 1418 1014 1479 1064; x_wconf 73' lang='grc' dir='ltr'><em>γλ.</em></span> <span class='ocrx_word' id='word_1_109' title='bbox 1564 1012 1609 1054; x_wconf 84' lang='grc' dir='ltr'><em>δὲ</em></span> 
     </span>
     <span class='ocr_line' id='line_1_14' title="bbox 280 1080 983 1120; baseline -0.003 -13"><span class='ocrx_word' id='word_1_110' title='bbox 280 1080 409 1107; x_wconf 84' lang='grc' dir='ltr'><em>νανοι</em></span> <span class='ocrx_word' id='word_1_111' title='bbox 435 1083 498 1120; x_wconf 84' lang='grc' dir='ltr'><em>τρ.</em></span> <span class='ocrx_word' id='word_1_112' title='bbox 981 1110 983 1112; x_wconf 51' lang='grc'><strong>,</strong></span> 
     </span>
    </p>

    <p class='ocr_par' dir='ltr' id='par_1_7' title="bbox 269 1119 1609 1456">
     <span class='ocr_line' id='line_1_15' title="bbox 276 1119 1607 1178; baseline 0.001 -16"><span class='ocrx_word' id='word_1_113' title='bbox 276 1135 279 1136; x_wconf 68' lang='grc'>’</span> <span class='ocrx_word' id='word_1_114' title='bbox 365 1125 709 1178; x_wconf 76' lang='grc' dir='ltr'><em>ε’γκεκλεισμένων</em></span> <span class='ocrx_word' id='word_1_115' title='bbox 736 1121 814 1167; x_wconf 73' lang='grc' dir='ltr'><em>τοῖς</em></span> <span class='ocrx_word' id='word_1_116' title='bbox 841 1123 932 1172; x_wconf 81' lang='grc' dir='ltr'><em>αὐξ.</em></span> <span class='ocrx_word' id='word_1_117' title='bbox 950 1135 1005 1162; x_wconf 69' lang='grc'><em>..·.</em></span> <span class='ocrx_word' id='word_1_118' title='bbox 1028 1119 1159 1167; x_wconf 73' lang='grc' dir='ltr'><em>οὕτως</em></span> <span class='ocrx_word' id='word_1_119' title='bbox 1186 1120 1263 1164; x_wconf 80' lang='grc' dir='ltr'><em>ἇπ.</em></span> <span class='ocrx_word' id='word_1_120' title='bbox 1297 1123 1352 1177; x_wconf 88' lang='grc' dir='ltr'><em>δ.]</em></span> <span class='ocrx_word' id='word_1_121' title='bbox 1382 1123 1472 1163; x_wconf 86' lang='lat' dir='ltr'><strong>Vat.</strong></span> <span class='ocrx_word' id='word_1_122' title='bbox 1498 1137 1538 1162; x_wconf 74' lang='lat'><em>2.</em></span> <span class='ocrx_word' id='word_1_123' title='bbox 1565 1130 1607 1163; x_wconf 87' lang='lat' dir='ltr'><em>et</em></span> 
     </span>
     <span class='ocr_line' id='line_1_16' title="bbox 279 1177 1605 1236; baseline 0.002 -20"><span class='ocrx_word' id='word_1_124' title='bbox 279 1177 405 1217; x_wconf 82' lang='lat' dir='ltr'><strong>Laur.</strong></span> <span class='ocrx_word' id='word_1_125' title='bbox 438 1182 784 1236; x_wconf 77' lang='grc' dir='ltr'><em>ἑγκεκλεισμένων</em></span> <span class='ocrx_word' id='word_1_126' title='bbox 809 1182 898 1225; x_wconf 81' lang='grc' dir='ltr'><em>τοῖς</em></span> <span class='ocrx_word' id='word_1_127' title='bbox 918 1178 1102 1235; x_wconf 82' lang='grc' dir='ltr'><strong><em>στόμασι</em></strong></span> <span class='ocrx_word' id='word_1_128' title='bbox 1125 1179 1302 1234; x_wconf 78' lang='grc' dir='ltr'><em>δεσμόν,</em></span> <span class='ocrx_word' id='word_1_129' title='bbox 1334 1180 1461 1223; x_wconf 79' lang='grc' dir='ltr'><em>οὕτως</em></span> <span class='ocrx_word' id='word_1_130' title='bbox 1483 1180 1605 1219; x_wconf 80' lang='grc' dir='ltr'><em>ἄπα-</em></span> 
     </span>
     <span class='ocr_line' id='line_1_17' title="bbox 271 1234 1607 1290; baseline 0.001 -16"><span class='ocrx_word' id='word_1_131' title='bbox 271 1244 364 1275; x_wconf 84' lang='grc' dir='ltr'><em>·σαν</em></span> <span class='ocrx_word' id='word_1_132' title='bbox 389 1234 425 1276; x_wconf 88' lang='grc' dir='ltr'><em>δ.</em></span> <span class='ocrx_word' id='word_1_133' title='bbox 444 1235 534 1275; x_wconf 85' lang='lat' dir='ltr'><strong>Vat.</strong></span> <span class='ocrx_word' id='word_1_134' title='bbox 558 1236 598 1274; x_wconf 83' lang='lat'><em>3.</em></span> <span class='ocrx_word' id='word_1_135' title='bbox 627 1238 783 1289; x_wconf 79' lang='grc' dir='ltr'><em>ἐγκεκλ.</em></span> <span class='ocrx_word' id='word_1_136' title='bbox 802 1244 819 1273; x_wconf 84' lang='grc'><em>“.</em></span> <span class='ocrx_word' id='word_1_137' title='bbox 835 1265 845 1273; x_wconf 89' lang='grc'><em>.</em></span> <span class='ocrx_word' id='word_1_138' title='bbox 859 1264 868 1274; x_wconf 92' lang='grc'><em>.</em></span> <span class='ocrx_word' id='word_1_139' title='bbox 881 1264 891 1274; x_wconf 92' lang='grc'><em>.</em></span> <span class='ocrx_word' id='word_1_140' title='bbox 910 1235 1092 1288; x_wconf 86' lang='grc' dir='ltr'><em>συνάροι</em></span> <span class='ocrx_word' id='word_1_141' title='bbox 1120 1234 1195 1276; x_wconf 74' lang='grc' dir='ltr'><em>διά</em></span> <span class='ocrx_word' id='word_1_142' title='bbox 1215 1235 1290 1277; x_wconf 75' lang='grc' dir='ltr'><em>’τόν</em></span> <span class='ocrx_word' id='word_1_143' title='bbox 1315 1239 1607 1290; x_wconf 76' lang='grc' dir='ltr'><em>περικείμενον</em></span> 
     </span>
     <span class='ocr_line' id='line_1_18' title="bbox 278 1289 1609 1345; baseline 0 -14"><span class='ocrx_word' id='word_1_144' title='bbox 278 1293 370 1334; x_wconf 84' lang='grc' dir='ltr'><em>τοῖς</em></span> <span class='ocrx_word' id='word_1_145' title='bbox 388 1289 576 1345; x_wconf 77' lang='grc' dir='ltr'><strong><em>πόμασι</em></strong></span> <span class='ocrx_word' id='word_1_146' title='bbox 603 1298 680 1332; x_wconf 90' lang='lat' dir='ltr'>etc.</span> <span class='ocrx_word' id='word_1_147' title='bbox 734 1291 869 1331; x_wconf 84' lang='lat' dir='ltr'>Etiam</span> <span class='ocrx_word' id='word_1_148' title='bbox 897 1291 988 1330; x_wconf 86' lang='lat' dir='ltr'><strong>Par.</strong></span> <span class='ocrx_word' id='word_1_149' title='bbox 1018 1291 1082 1331; x_wconf 85' lang='lat' dir='ltr'><em>El.</em></span> <span class='ocrx_word' id='word_1_150' title='bbox 1101 1292 1242 1330; x_wconf 86' lang='lat' dir='ltr'><strong>Ambr.</strong></span> <span class='ocrx_word' id='word_1_151' title='bbox 1267 1299 1312 1331; x_wconf 75' lang='lat' dir='ltr'><em>et</em></span> <span class='ocrx_word' id='word_1_152' title='bbox 1325 1292 1430 1331; x_wconf 89' lang='lat' dir='ltr'><strong>Rob.</strong></span> <span class='ocrx_word' id='word_1_153' title='bbox 1453 1291 1609 1331; x_wconf 81' lang='lat' dir='ltr'><strong>habent</strong></span> 
     </span>
     <span class='ocr_line' id='line_1_19' title="bbox 281 1345 1608 1402; baseline 0.002 -16"><span class='ocrx_word' id='word_1_154' title='bbox 281 1345 471 1399; x_wconf 85' lang='grc' dir='ltr'><em>συνάροι.</em></span> <span class='ocrx_word' id='word_1_155' title='bbox 499 1346 655 1395; x_wconf 79' lang='lat' dir='ltr'>Manat.</span> <span class='ocrx_word' id='word_1_156' title='bbox 686 1347 869 1401; x_wconf 78' lang='grc' dir='ltr'><em>συνάγει.</em></span> <span class='ocrx_word' id='word_1_157' title='bbox 888 1347 1074 1402; x_wconf 79' lang='grc' dir='ltr'><strong><em>στόμασι</em></strong></span> <span class='ocrx_word' id='word_1_158' title='bbox 1097 1353 1235 1387; x_wconf 80' lang='lat' dir='ltr'><strong>autem</strong></span> <span class='ocrx_word' id='word_1_159' title='bbox 1269 1362 1349 1402; x_wconf 83' lang='lat' dir='ltr'><em>pro</em></span> <span class='ocrx_word' id='word_1_160' title='bbox 1372 1347 1543 1402; x_wconf 86' lang='grc' dir='ltr'><em>σώμασι</em></span> <span class='ocrx_word' id='word_1_161' title='bbox 1562 1346 1608 1388; x_wconf 80' lang='lat' dir='ltr'><em>in</em></span> 
     </span>
     <span class='ocr_line' id='line_1_20' title="bbox 269 1402 1083 1456; baseline 0.001 -15"><span class='ocrx_word' id='word_1_162' title='bbox 269 1402 471 1442; x_wconf 48' lang='lat' dir='ltr'><strong>*omnibus</strong></span> <span class='ocrx_word' id='word_1_163' title='bbox 490 1403 608 1441; x_wconf 83' lang='lat' dir='ltr'><strong>codd.</strong></span> <span class='ocrx_word' id='word_1_164' title='bbox 629 1411 673 1444; x_wconf 89' lang='lat' dir='ltr'><em>et</em></span> <span class='ocrx_word' id='word_1_165' title='bbox 687 1410 791 1444; x_wconf 83' lang='lat' dir='ltr'><strong>vett.</strong></span> <span class='ocrx_word' id='word_1_166' title='bbox 807 1404 900 1442; x_wconf 81' lang='lat' dir='ltr'><strong>edd.</strong></span> <span class='ocrx_word' id='word_1_167' title='bbox 914 1404 1083 1456; x_wconf 83' lang='lat' dir='ltr'>legitur.</span> 
     </span>
    </p>

    <p class='ocr_par' dir='ltr' id='par_1_8' title="bbox 363 1456 1609 1512">
     <span class='ocr_line' id='line_1_21' title="bbox 363 1456 1609 1512; baseline 0 -13"><span class='ocrx_word' id='word_1_168' title='bbox 363 1456 511 1500; x_wconf 77' lang='grc' dir='ltr'><em>κοινόν</em></span> <span class='ocrx_word' id='word_1_169' title='bbox 529 1457 582 1508; x_wconf 81' lang='grc' dir='ltr'><em>δή</em></span> <span class='ocrx_word' id='word_1_170' title='bbox 601 1476 634 1499; x_wconf 87' lang='grc' dir='ltr'><em>τ.</em></span> <span class='ocrx_word' id='word_1_171' title='bbox 656 1460 734 1501; x_wconf 82' lang='grc' dir='ltr'><em>άπ.</em></span> <span class='ocrx_word' id='word_1_172' title='bbox 757 1459 812 1512; x_wconf 87' lang='grc' dir='ltr'><em>δ.]</em></span> <span class='ocrx_word' id='word_1_173' title='bbox 839 1459 935 1499; x_wconf 79' lang='lat' dir='ltr'><strong>vat.</strong></span> <span class='ocrx_word' id='word_1_174' title='bbox 957 1472 995 1499; x_wconf 82' lang='lat'><em>2.</em></span> <span class='ocrx_word' id='word_1_175' title='bbox 1012 1458 1138 1501; x_wconf 79' lang='grc' dir='ltr'><em>κϊνόν</em></span> <span class='ocrx_word' id='word_1_176' title='bbox 1155 1459 1198 1500; x_wconf 83' lang='grc' dir='ltr'><em>δί</em></span> <span class='ocrx_word' id='word_1_177' title='bbox 1218 1468 1279 1504; x_wconf 77' lang='grc' dir='ltr'><em>εἵς</em></span> <span class='ocrx_word' id='word_1_178' title='bbox 1294 1458 1544 1511; x_wconf 82' lang='grc' dir='ltr'><em>άποφήνετο</em></span> <span class='ocrx_word' id='word_1_179' title='bbox 1567 1456 1609 1498; x_wconf 64' lang='grc' dir='ltr'><em>δέ</em></span> 
     </span>
    </p>

    <p class='ocr_par' dir='ltr' id='par_1_9' title="bbox 333 1512 1585 1573">
     <span class='ocr_line' id='line_1_22' title="bbox 333 1512 1585 1573; baseline -0.001 -20"><span class='ocrx_word' id='word_1_180' title='bbox 333 1512 375 1567; x_wconf 79' lang='lat'><em>§.</em></span> <span class='ocrx_word' id='word_1_181' title='bbox 395 1516 434 1554; x_wconf 88' lang='grc'><em>6.</em></span> <span class='ocrx_word' id='word_1_182' title='bbox 467 1514 806 1573; x_wconf 77' lang='grc' dir='ltr'><em>ὑπολαμβάνων]</em></span> <span class='ocrx_word' id='word_1_183' title='bbox 836 1514 964 1554; x_wconf 84' lang='lat' dir='ltr'><strong>codd.</strong></span> <span class='ocrx_word' id='word_1_184' title='bbox 983 1523 1025 1555; x_wconf 85' lang='lat' dir='ltr'><em>et</em></span> <span class='ocrx_word' id='word_1_185' title='bbox 1044 1523 1146 1555; x_wconf 86' lang='lat' dir='ltr'><strong>vett.</strong></span> <span class='ocrx_word' id='word_1_186' title='bbox 1164 1517 1256 1555; x_wconf 86' lang='lat' dir='ltr'><strong>edd.</strong></span> <span class='ocrx_word' id='word_1_187' title='bbox 1279 1513 1585 1570; x_wconf 79' lang='grc' dir='ltr'><em>ὑπολαμβάνω.</em></span> 
     </span>
    </p>

    <p class='ocr_par' dir='ltr' id='par_1_10' title="bbox 362 1570 1606 1624">
     <span class='ocr_line' id='line_1_23' title="bbox 362 1570 1606 1624; baseline -0.002 -14"><span class='ocrx_word' id='word_1_188' title='bbox 362 1570 490 1623; x_wconf 78' lang='grc' dir='ltr'><em>ἔφην]</em></span> <span class='ocrx_word' id='word_1_189' title='bbox 521 1571 656 1611; x_wconf 86' lang='lat' dir='ltr'><strong>codd.</strong></span> <span class='ocrx_word' id='word_1_190' title='bbox 681 1579 723 1612; x_wconf 89' lang='lat' dir='ltr'><em>et</em></span> <span class='ocrx_word' id='word_1_191' title='bbox 742 1577 844 1612; x_wconf 82' lang='lat' dir='ltr'><strong>vett.</strong></span> <span class='ocrx_word' id='word_1_192' title='bbox 866 1571 960 1610; x_wconf 82' lang='lat' dir='ltr'><strong>edd.</strong></span> <span class='ocrx_word' id='word_1_193' title='bbox 983 1570 1081 1624; x_wconf 77' lang='grc' dir='ltr'><em>ἔφη.</em></span> <span class='ocrx_word' id='word_1_194' title='bbox 1110 1571 1192 1610; x_wconf 81' lang='lat' dir='ltr'><em>Sed</em></span> <span class='ocrx_word' id='word_1_195' title='bbox 1206 1571 1315 1624; x_wconf 79' lang='grc' dir='ltr'><em>ἔφην</em></span> <span class='ocrx_word' id='word_1_196' title='bbox 1334 1572 1397 1612; x_wconf 86' lang='grc' dir='ltr'><em>ΕΙ.</em></span> <span class='ocrx_word' id='word_1_197' title='bbox 1413 1572 1459 1609; x_wconf 89' lang='lat' dir='ltr'><em>in</em></span> <span class='ocrx_word' id='word_1_198' title='bbox 1477 1583 1606 1622; x_wconf 86' lang='lat' dir='ltr'><strong>marg.</strong></span> 
     </span>
    </p>

    <p class='ocr_par' dir='ltr' id='par_1_11' title="bbox 275 1622 1609 2003">
     <span class='ocr_line' id='line_1_24' title="bbox 362 1622 1605 1684; baseline -0.002 -18"><span class='ocrx_word' id='word_1_199' title='bbox 362 1622 446 1679; x_wconf 85' lang='grc' dir='ltr'><em>ὅρα</em></span> <span class='ocrx_word' id='word_1_200' title='bbox 470 1628 514 1668; x_wconf 80' lang='grc' dir='ltr'><em>δὲ</em></span> <span class='ocrx_word' id='word_1_201' title='bbox 649 1628 727 1673; x_wconf 72' lang='grc' dir='ltr'><em>τοὶς</em></span> <span class='ocrx_word' id='word_1_202' title='bbox 754 1627 828 1683; x_wconf 62' lang='lat' dir='ltr'><em>ph]</em></span> <span class='ocrx_word' id='word_1_203' title='bbox 866 1628 959 1667; x_wconf 80' lang='lat' dir='ltr'><strong>vat.</strong></span> <span class='ocrx_word' id='word_1_204' title='bbox 992 1641 1034 1669; x_wconf 79' lang='lat'><em>2.</em></span> <span class='ocrx_word' id='word_1_205' title='bbox 1064 1623 1149 1681; x_wconf 77' lang='grc' dir='ltr'><em>ὅρα</em></span> <span class='ocrx_word' id='word_1_206' title='bbox 1175 1627 1218 1669; x_wconf 81' lang='grc' dir='ltr'><em>δὲ</em></span> <span class='ocrx_word' id='word_1_207' title='bbox 1245 1627 1367 1684; x_wconf 78' lang='grc' dir='ltr'><em>μήπο</em></span> <span class='ocrx_word' id='word_1_208' title='bbox 1397 1626 1605 1682; x_wconf 83' lang='lat' dir='ltr'>(spatium</span> 
     </span>
     <span class='ocr_line' id='line_1_25' title="bbox 277 1680 1606 1739; baseline -0.003 -17"><span class='ocrx_word' id='word_1_209' title='bbox 277 1682 399 1722; x_wconf 84' lang='lat' dir='ltr'>vuius</span> <span class='ocrx_word' id='word_1_210' title='bbox 428 1682 564 1723; x_wconf 74' lang='lat' dir='ltr'><strong>ferme</strong></span> <span class='ocrx_word' id='word_1_211' title='bbox 586 1685 682 1737; x_wconf 84' lang='lat' dir='ltr'>lin.)</span> <span class='ocrx_word' id='word_1_212' title='bbox 707 1683 852 1738; x_wconf 80' lang='grc' dir='ltr'><em>εἰρήνη</em></span> <span class='ocrx_word' id='word_1_213' title='bbox 880 1683 1120 1737; x_wconf 75' lang='grc' dir='ltr'><em>διαφθείρα</em></span> <span class='ocrx_word' id='word_1_214' title='bbox 1139 1700 1216 1728; x_wconf 86' lang='grc' dir='ltr'><em>τας</em></span> <span class='ocrx_word' id='word_1_215' title='bbox 1237 1701 1283 1739; x_wconf 88' lang='grc' dir='ltr'><em>μ.</em></span> <span class='ocrx_word' id='word_1_216' title='bbox 1312 1683 1403 1723; x_wconf 81' lang='lat' dir='ltr'>Vat.</span> <span class='ocrx_word' id='word_1_217' title='bbox 1416 1683 1453 1721; x_wconf 85' lang='lat'><em>3.</em></span> <span class='ocrx_word' id='word_1_218' title='bbox 1478 1688 1520 1720; x_wconf 87' lang='lat' dir='ltr'><em>et</em></span> <span class='ocrx_word' id='word_1_219' title='bbox 1540 1680 1606 1720; x_wconf 83' lang='lat' dir='ltr'><em>El.</em></span> 
     </span>
     <span class='ocr_line' id='line_1_26' title="bbox 280 1734 1608 1793; baseline -0.001 -16"><span class='ocrx_word' id='word_1_220' title='bbox 280 1734 363 1790; x_wconf 79' lang='grc' dir='ltr'><em>ὅρα</em></span> <span class='ocrx_word' id='word_1_221' title='bbox 393 1736 438 1777; x_wconf 80' lang='grc' dir='ltr'><em>δὲ</em></span> <span class='ocrx_word' id='word_1_222' title='bbox 463 1738 526 1793; x_wconf 88' lang='grc' dir='ltr'><em>μη“</em></span> <span class='ocrx_word' id='word_1_223' title='bbox 549 1753 652 1780; x_wconf 78' lang='grc' dir='ltr'><em>ποτε</em></span> <span class='ocrx_word' id='word_1_224' title='bbox 673 1740 878 1792; x_wconf 85' lang='lat' dir='ltr'><strong>(spatium</strong></span> <span class='ocrx_word' id='word_1_225' title='bbox 896 1740 1024 1791; x_wconf 85' lang='lat' dir='ltr'><strong>paulo</strong></span> <span class='ocrx_word' id='word_1_226' title='bbox 1045 1740 1181 1778; x_wconf 85' lang='lat' dir='ltr'>minus</span> <span class='ocrx_word' id='word_1_227' title='bbox 1202 1753 1327 1792; x_wconf 82' lang='lat' dir='ltr'><strong>quam</strong></span> <span class='ocrx_word' id='word_1_228' title='bbox 1347 1739 1392 1777; x_wconf 87' lang='lat' dir='ltr'><em>in</em></span> <span class='ocrx_word' id='word_1_229' title='bbox 1413 1737 1508 1789; x_wconf 83' lang='lat' dir='ltr'>illo)</span> <span class='ocrx_word' id='word_1_230' title='bbox 1538 1741 1608 1776; x_wconf 83' lang='grc' dir='ltr'><em>οἰ-</em></span> 
     </span>
     <span class='ocr_line' id='line_1_27' title="bbox 277 1790 1608 1850; baseline -0.004 -16"><span class='ocrx_word' id='word_1_231' title='bbox 277 1797 490 1849; x_wconf 82' lang='grc' dir='ltr'><em>κουμένης</em></span> <span class='ocrx_word' id='word_1_232' title='bbox 512 1793 657 1848; x_wconf 78' lang='grc' dir='ltr'><em>εἰρήνη</em></span> <span class='ocrx_word' id='word_1_233' title='bbox 681 1795 928 1849; x_wconf 74' lang='grc' dir='ltr'><em>διαφθείρει</em></span> <span class='ocrx_word' id='word_1_234' title='bbox 956 1793 1034 1839; x_wconf 78' lang='grc' dir='ltr'><em>τάς</em></span> <span class='ocrx_word' id='word_1_235' title='bbox 1051 1811 1099 1850; x_wconf 84' lang='grc' dir='ltr'><em>μ.</em></span> <span class='ocrx_word' id='word_1_236' title='bbox 1139 1794 1203 1833; x_wconf 85' lang='lat' dir='ltr'><em>De</em></span> <span class='ocrx_word' id='word_1_237' title='bbox 1233 1795 1323 1834; x_wconf 85' lang='lat' dir='ltr'><strong>cod.</strong></span> <span class='ocrx_word' id='word_1_238' title='bbox 1348 1793 1535 1832; x_wconf 83' lang='lat' dir='ltr'>Parisino</span> <span class='ocrx_word' id='word_1_239' title='bbox 1558 1790 1608 1829; x_wconf 82' lang='lat' dir='ltr'><em>B.·</em></span> 
     </span>
     <span class='ocr_line' id='line_1_28' title="bbox 275 1847 1609 1907; baseline -0.001 -19"><span class='ocrx_word' id='word_1_240' title='bbox 275 1850 358 1889; x_wconf 84' lang='lat' dir='ltr'><strong>ita:</strong></span> <span class='ocrx_word' id='word_1_241' title='bbox 389 1852 544 1898; x_wconf 81' lang='lat' dir='ltr'><strong>„Quae</strong></span> <span class='ocrx_word' id='word_1_242' title='bbox 574 1850 689 1902; x_wconf 60' lang='lat' dir='ltr'><strong>intess</strong></span> <span class='ocrx_word' id='word_1_243' title='bbox 717 1849 841 1907; x_wconf 78' lang='grc' dir='ltr'><em>μήπο</em></span> <span class='ocrx_word' id='word_1_244' title='bbox 872 1857 914 1889; x_wconf 88' lang='lat' dir='ltr'><em>et</em></span> <span class='ocrx_word' id='word_1_245' title='bbox 936 1850 965 1900; x_wconf 81' lang='grc' dir='ltr'><em>ἦ</em></span> <span class='ocrx_word' id='word_1_246' title='bbox 986 1849 1062 1900; x_wconf 77' lang='grc' dir='ltr'><em>τῆς</em></span> <span class='ocrx_word' id='word_1_247' title='bbox 1082 1853 1338 1905; x_wconf 76' lang='grc' dir='ltr'><em>οἰκουμένης</em></span> <span class='ocrx_word' id='word_1_248' title='bbox 1363 1849 1518 1901; x_wconf 84' lang='lat' dir='ltr'><strong>scripta</strong></span> <span class='ocrx_word' id='word_1_249' title='bbox 1539 1847 1609 1885; x_wconf 82' lang='lat' dir='ltr'><em>fu-</em></span> 
     </span>
     <span class='ocr_line' id='line_1_29' title="bbox 277 1905 1609 1959; baseline -0.002 -15"><span class='ocrx_word' id='word_1_250' title='bbox 277 1911 399 1944; x_wconf 82' lang='lat' dir='ltr'><strong>erunt</strong></span> <span class='ocrx_word' id='word_1_251' title='bbox 411 1933 423 1954; x_wconf 89' lang='lat'><em>‚</em></span> <span class='ocrx_word' id='word_1_252' title='bbox 449 1905 576 1945; x_wconf 86' lang='lat' dir='ltr'><strong>hodie</strong></span> <span class='ocrx_word' id='word_1_253' title='bbox 595 1919 679 1945; x_wconf 89' lang='lat' dir='ltr'><em>non</em></span> <span class='ocrx_word' id='word_1_254' title='bbox 695 1907 866 1959; x_wconf 87' lang='lat' dir='ltr'><strong>possu&#39;nt</strong></span> <span class='ocrx_word' id='word_1_255' title='bbox 884 1906 1060 1958; x_wconf 85' lang='lat' dir='ltr'><strong>amplius</strong></span> <span class='ocrx_word' id='word_1_256' title='bbox 1078 1906 1173 1958; x_wconf 85' lang='lat' dir='ltr'><strong>legi.</strong></span> <span class='ocrx_word' id='word_1_257' title='bbox 1219 1906 1305 1945; x_wconf 82' lang='lat' dir='ltr'><em>Sex</em></span> <span class='ocrx_word' id='word_1_258' title='bbox 1324 1911 1490 1945; x_wconf 79' lang='lat' dir='ltr'><strong>tantum</strong></span> <span class='ocrx_word' id='word_1_259' title='bbox 1510 1908 1609 1941; x_wconf 85' lang='lat' dir='ltr'><strong>sunt</strong></span> 
     </span>
     <span class='ocr_line' id='line_1_30' title="bbox 275 1960 1169 2003; baseline -0.001 -3"><span class='ocrx_word' id='word_1_260' title='bbox 275 1961 441 2001; x_wconf 83' lang='lat' dir='ltr'><strong>literae.</strong></span> <span class='ocrx_word' id='word_1_261' title='bbox 455 1967 480 1987; x_wconf 74' lang='lat'><em>‘⁶</em></span> <span class='ocrx_word' id='word_1_262' title='bbox 520 1960 584 2003; x_wconf 83' lang='lat' dir='ltr'><em>De</em></span> <span class='ocrx_word' id='word_1_263' title='bbox 602 1961 726 2001; x_wconf 83' lang='lat' dir='ltr'><strong>Laur.</strong></span> <span class='ocrx_word' id='word_1_264' title='bbox 745 1962 815 2002; x_wconf 85' lang='lat' dir='ltr'><em>hic</em></span> <span class='ocrx_word' id='word_1_265' title='bbox 833 1961 943 2003; x_wconf 85' lang='lat' dir='ltr'><strong>nihil</strong></span> <span class='ocrx_word' id='word_1_266' title='bbox 964 1967 1169 2000; x_wconf 81' lang='lat' dir='ltr'><strong>notatum.</strong></span> 
     </span>
    </p>

    <p class='ocr_par' dir='ltr' id='par_1_12' title="bbox 268 2012 1608 2534">
     <span class='ocr_line' id='line_1_31' title="bbox 361 2012 1608 2074; baseline -0.002 -16"><span class='ocrx_word' id='word_1_267' title='bbox 361 2016 386 2058; x_wconf 79' lang='grc' dir='ltr'>ὁ</span> <span class='ocrx_word' id='word_1_268' title='bbox 419 2020 609 2069; x_wconf 78' lang='grc' dir='ltr'><em>κατέχων</em></span> <span class='ocrx_word' id='word_1_269' title='bbox 628 2018 705 2074; x_wconf 59' lang='lat' dir='ltr'><em>‘15ssae-</em></span> <span class='ocrx_word' id='word_1_270' title='bbox 731 2046 831 2056; x_wconf 90' lang='grc'><em>.....</em></span> <span class='ocrx_word' id='word_1_271' title='bbox 854 2017 910 2058; x_wconf 79' lang='grc' dir='ltr'><em>τά</em></span> <span class='ocrx_word' id='word_1_272' title='bbox 938 2016 1214 2071; x_wconf 76' lang='grc' dir='ltr'><em>φρουροῦντα</em></span> <span class='ocrx_word' id='word_1_273' title='bbox 1243 2016 1339 2070; x_wconf 76' lang='grc' dir='ltr'><em>τόν]</em></span> <span class='ocrx_word' id='word_1_274' title='bbox 1372 2016 1465 2056; x_wconf 80' lang='lat' dir='ltr'><strong>vat.</strong></span> <span class='ocrx_word' id='word_1_275' title='bbox 1486 2025 1525 2053; x_wconf 86' lang='lat'><em>2.</em></span> <span class='ocrx_word' id='word_1_276' title='bbox 1558 2012 1608 2055; x_wconf 77' lang='grc' dir='ltr'><em>όν</em></span> 
     </span>
     <span class='ocr_line' id='line_1_32' title="bbox 277 2069 1607 2129; baseline -0.004 -15"><span class='ocrx_word' id='word_1_277' title='bbox 277 2073 495 2125; x_wconf 78' lang='grc' dir='ltr'><em>ὁκατέχων</em></span> <span class='ocrx_word' id='word_1_278' title='bbox 527 2073 659 2129; x_wconf 78' lang='grc' dir='ltr'><em>ἡμῶν·</em></span> <span class='ocrx_word' id='word_1_279' title='bbox 676 2073 755 2118; x_wconf 76' lang='grc' dir='ltr'><em>τοὶς</em></span> <span class='ocrx_word' id='word_1_280' title='bbox 786 2076 903 2115; x_wconf 70' lang='grc' dir='ltr'><em>ἐπιθ.</em></span> <span class='ocrx_word' id='word_1_281' title='bbox 937 2072 1202 2127; x_wconf 81' lang='grc' dir='ltr'><em>περιόριστος</em></span> <span class='ocrx_word' id='word_1_282' title='bbox 1231 2073 1379 2115; x_wconf 77' lang='grc' dir='ltr'><em>οὐτοσῒ</em></span> <span class='ocrx_word' id='word_1_283' title='bbox 1406 2069 1607 2124; x_wconf 80' lang='grc' dir='ltr'><em>πόλεμοι,</em></span> 
     </span>
     <span class='ocr_line' id='line_1_33' title="bbox 275 2127 1608 2191; baseline -0.007 -20"><span class='ocrx_word' id='word_1_284' title='bbox 275 2132 353 2171; x_wconf 81' lang='grc' dir='ltr'><em>καὶ</em></span> <span class='ocrx_word' id='word_1_285' title='bbox 368 2129 497 2179; x_wconf 85' lang='grc' dir='ltr'><em>νηδία</em></span> <span class='ocrx_word' id='word_1_286' title='bbox 507 2129 618 2184; x_wconf 79' lang='grc' dir='ltr'><em>πρός</em></span> <span class='ocrx_word' id='word_1_287' title='bbox 633 2129 792 2172; x_wconf 83' lang='grc' dir='ltr'><em>τούτων</em></span> <span class='ocrx_word' id='word_1_288' title='bbox 816 2127 870 2171; x_wconf 79' lang='grc' dir='ltr'><em>τά</em></span> <span class='ocrx_word' id='word_1_289' title='bbox 882 2128 1056 2184; x_wconf 77' lang='grc' dir='ltr'><em>φρουροὶ</em></span> <span class='ocrx_word' id='word_1_290' title='bbox 1071 2128 1160 2170; x_wconf 80' lang='grc' dir='ltr'><em>ώτα</em></span> <span class='ocrx_word' id='word_1_291' title='bbox 1178 2128 1263 2172; x_wconf 80' lang='grc' dir='ltr'><em>τόν.</em></span> <span class='ocrx_word' id='word_1_292' title='bbox 1303 2129 1395 2168; x_wconf 82' lang='lat' dir='ltr'><strong>Vat.</strong></span> <span class='ocrx_word' id='word_1_293' title='bbox 1406 2128 1608 2191; x_wconf 60' lang='lat' dir='ltr'><em>3⁴2³¹²t⁸¹¹²</em></span> 
     </span>
     <span class='ocr_line' id='line_1_34' title="bbox 268 2193 1607 2253; baseline -0.003 -14"><span class='ocrx_word' id='word_1_294' title='bbox 268 2196 302 2239; x_wconf 73' lang='grc' dir='ltr'><em>’ὁ</em></span> <span class='ocrx_word' id='word_1_295' title='bbox 318 2200 510 2249; x_wconf 79' lang='grc' dir='ltr'><em>κατέχων</em></span> <span class='ocrx_word' id='word_1_296' title='bbox 534 2226 543 2235; x_wconf 94' lang='grc'><em>.</em></span> <span class='ocrx_word' id='word_1_297' title='bbox 559 2226 569 2236; x_wconf 91' lang='grc'><em>.</em></span> <span class='ocrx_word' id='word_1_298' title='bbox 585 2227 594 2235; x_wconf 95' lang='grc'><em>.</em></span> <span class='ocrx_word' id='word_1_299' title='bbox 613 2195 723 2252; x_wconf 78' lang='grc' dir='ltr'><em>πρός</em></span> <span class='ocrx_word' id='word_1_300' title='bbox 744 2196 903 2240; x_wconf 80' lang='grc' dir='ltr'><em>τούτων</em></span> <span class='ocrx_word' id='word_1_301' title='bbox 926 2197 1063 2253; x_wconf 89' lang='lat' dir='ltr'>(Zacc.</span> <span class='ocrx_word' id='word_1_302' title='bbox 1081 2195 1268 2250; x_wconf 82' lang='grc' dir='ltr'><em>τούτους)</em></span> <span class='ocrx_word' id='word_1_303' title='bbox 1285 2194 1340 2237; x_wconf 79' lang='grc' dir='ltr'><em>τοὶ</em></span> <span class='ocrx_word' id='word_1_304' title='bbox 1358 2193 1607 2248; x_wconf 72' lang='grc' dir='ltr'><em>φρονοῦντα</em></span> 
     </span>
     <span class='ocr_line' id='line_1_35' title="bbox 274 2249 1603 2308; baseline -0.004 -13"><span class='ocrx_word' id='word_1_305' title='bbox 274 2252 364 2295; x_wconf 76' lang='grc' dir='ltr'><em>τόν.</em></span> <span class='ocrx_word' id='word_1_306' title='bbox 400 2253 449 2292; x_wconf 86' lang='lat' dir='ltr'><em>In</em></span> <span class='ocrx_word' id='word_1_307' title='bbox 469 2253 593 2292; x_wconf 81' lang='lat' dir='ltr'><strong>Laur.</strong></span> <span class='ocrx_word' id='word_1_308' title='bbox 608 2266 688 2306; x_wconf 87' lang='lat' dir='ltr'><em>pro</em></span> <span class='ocrx_word' id='word_1_309' title='bbox 713 2252 909 2308; x_wconf 82' lang='grc' dir='ltr'><em>οἷπεριόρ.</em></span> <span class='ocrx_word' id='word_1_310' title='bbox 931 2260 993 2292; x_wconf 89' lang='lat' dir='ltr'><em>est</em></span> <span class='ocrx_word' id='word_1_311' title='bbox 1009 2252 1290 2308; x_wconf 68' lang='grc' dir='ltr'><em>περιόριστος.</em></span> <span class='ocrx_word' id='word_1_312' title='bbox 1316 2250 1411 2291; x_wconf 86' lang='lat' dir='ltr'><strong>Par.</strong></span> <span class='ocrx_word' id='word_1_313' title='bbox 1431 2249 1456 2291; x_wconf 82' lang='grc' dir='ltr'>ὁ</span> <span class='ocrx_word' id='word_1_314' title='bbox 1473 2264 1500 2289; x_wconf 92' lang='grc' dir='ltr'><em>κ</em></span> <span class='ocrx_word' id='word_1_315' title='bbox 1505 2279 1603 2289; x_wconf 88' lang='grc'><em>.....</em></span> 
     </span>
     <span class='ocr_line' id='line_1_36' title="bbox 274 2304 1606 2364; baseline -0.005 -13"><span class='ocrx_word' id='word_1_316' title='bbox 274 2309 387 2363; x_wconf 78' lang='grc' dir='ltr'><em>πρός</em></span> <span class='ocrx_word' id='word_1_317' title='bbox 398 2308 531 2360; x_wconf 84' lang='grc' dir='ltr'><em>τούτῳ</em></span> <span class='ocrx_word' id='word_1_318' title='bbox 545 2309 601 2350; x_wconf 82' lang='grc' dir='ltr'><em>τοὶ</em></span> <span class='ocrx_word' id='word_1_319' title='bbox 615 2324 689 2364; x_wconf 90' lang='grc' dir='ltr'><em>φρ.</em></span> <span class='ocrx_word' id='word_1_320' title='bbox 699 2309 789 2351; x_wconf 80' lang='grc' dir='ltr'><em>τόν.</em></span> <span class='ocrx_word' id='word_1_321' title='bbox 818 2309 880 2349; x_wconf 80' lang='lat' dir='ltr'><em>El.</em></span> <span class='ocrx_word' id='word_1_322' title='bbox 893 2309 1018 2348; x_wconf 86' lang='lat' dir='ltr'><strong>habet</strong></span> <span class='ocrx_word' id='word_1_323' title='bbox 1033 2307 1293 2363; x_wconf 72' lang='grc' dir='ltr'><em>φρονοῦντα,</em></span> <span class='ocrx_word' id='word_1_324' title='bbox 1314 2314 1363 2347; x_wconf 81' lang='lat' dir='ltr'><em>vt</em></span> <span class='ocrx_word' id='word_1_325' title='bbox 1371 2306 1463 2346; x_wconf 87' lang='lat' dir='ltr'><strong>Vat.</strong></span> <span class='ocrx_word' id='word_1_326' title='bbox 1488 2304 1541 2355; x_wconf 71' lang='lat'><em>3.7</em></span> <span class='ocrx_word' id='word_1_327' title='bbox 1558 2306 1606 2345; x_wconf 86' lang='lat' dir='ltr'><em>in</em></span> 
     </span>
     <span class='ocr_line' id='line_1_37' title="bbox 272 2359 1604 2421; baseline -0.003 -16"><span class='ocrx_word' id='word_1_328' title='bbox 272 2374 404 2418; x_wconf 80' lang='lat' dir='ltr'>marg.</span> <span class='ocrx_word' id='word_1_329' title='bbox 419 2372 560 2405; x_wconf 83' lang='lat' dir='ltr'><strong>autem</strong></span> <span class='ocrx_word' id='word_1_330' title='bbox 580 2367 842 2421; x_wconf 83' lang='grc' dir='ltr'><em>φουροῦντα.</em></span> <span class='ocrx_word' id='word_1_331' title='bbox 890 2364 997 2408; x_wconf 84' lang='lat' dir='ltr'>Rob.</span> <span class='ocrx_word' id='word_1_332' title='bbox 1021 2364 1048 2405; x_wconf 80' lang='grc' dir='ltr'><em>ὁ</em></span> <span class='ocrx_word' id='word_1_333' title='bbox 1064 2381 1157 2408; x_wconf 84' lang='grc' dir='ltr'><em>κατ.</em></span> <span class='ocrx_word' id='word_1_334' title='bbox 1176 2396 1185 2405; x_wconf 92' lang='grc'><em>.</em></span> <span class='ocrx_word' id='word_1_335' title='bbox 1198 2394 1226 2405; x_wconf 94' lang='grc'><em>..</em></span> <span class='ocrx_word' id='word_1_336' title='bbox 1247 2363 1357 2419; x_wconf 80' lang='grc' dir='ltr'><em>πρός</em></span> <span class='ocrx_word' id='word_1_337' title='bbox 1374 2361 1528 2404; x_wconf 82' lang='grc' dir='ltr'><em>τούτων</em></span> <span class='ocrx_word' id='word_1_338' title='bbox 1548 2359 1604 2402; x_wconf 78' lang='grc' dir='ltr'><em>τοὶ</em></span> 
     </span>
     <span class='ocr_line' id='line_1_38' title="bbox 276 2421 1377 2476; baseline -0.001 -14"><span class='ocrx_word' id='word_1_339' title='bbox 276 2421 538 2476; x_wconf 82' lang='grc' dir='ltr'><em>φρονοῦντα.</em></span> <span class='ocrx_word' id='word_1_340' title='bbox 1374 2472 1377 2474; x_wconf 15' lang='lat' dir='ltr'>v</span> 
     </span>
     <span class='ocr_line' id='line_1_39' title="bbox 269 2474 1603 2534; baseline -0.005 -14"><span class='ocrx_word' id='word_1_341' title='bbox 269 2477 290 2490; x_wconf 57' lang='lat'><em>⁹</em></span> <span class='ocrx_word' id='word_1_342' title='bbox 362 2476 454 2519; x_wconf 79' lang='grc' dir='ltr'><em>κατ’</em></span> <span class='ocrx_word' id='word_1_343' title='bbox 483 2478 638 2534; x_wconf 84' lang='grc' dir='ltr'><em>ἄκρας]</em></span> <span class='ocrx_word' id='word_1_344' title='bbox 669 2478 740 2518; x_wconf 79' lang='lat' dir='ltr'><em>Sic</em></span> <span class='ocrx_word' id='word_1_345' title='bbox 769 2477 914 2518; x_wconf 85' lang='lat' dir='ltr'>Ambr.</span> <span class='ocrx_word' id='word_1_346' title='bbox 941 2483 983 2517; x_wconf 85' lang='lat' dir='ltr'><em>et</em></span> <span class='ocrx_word' id='word_1_347' title='bbox 1003 2477 1096 2519; x_wconf 81' lang='lat' dir='ltr'>Vat.</span> <span class='ocrx_word' id='word_1_348' title='bbox 1123 2478 1162 2518; x_wconf 77' lang='lat'><em>3.</em></span> <span class='ocrx_word' id='word_1_349' title='bbox 1185 2484 1228 2517; x_wconf 86' lang='lat' dir='ltr'><em>et</em></span> <span class='ocrx_word' id='word_1_350' title='bbox 1252 2477 1423 2516; x_wconf 61' lang='lat' dir='ltr'>Robort-</span> <span class='ocrx_word' id='word_1_351' title='bbox 1440 2474 1539 2514; x_wconf 70' lang='lat' dir='ltr'><strong>vat.</strong></span> <span class='ocrx_word' id='word_1_352' title='bbox 1560 2486 1603 2517; x_wconf 77' lang='lat'><em>2.</em></span> 
     </span>
    </p>
   </div>
   <div class='ocr_carea' id='block_1_4' title="bbox 270 2558 1603 2695">
    <p class='ocr_par' dir='ltr' id='par_1_13' title="bbox 270 2558 1603 2695">
     <span class='ocr_line' id='line_1_40' title="bbox 273 2558 1603 2641; baseline -0.004 -18"><span class='ocrx_word' id='word_1_353' title='bbox 273 2589 415 2630; x_wconf 78' lang='lat' dir='ltr'><strong>autem</strong></span> <span class='ocrx_word' id='word_1_354' title='bbox 441 2558 636 2636; x_wconf 52' lang='grc' dir='ltr'><em>κατάρξας</em></span> <span class='ocrx_word' id='word_1_355' title='bbox 647 2585 787 2641; x_wconf 86' lang='lat' dir='ltr'><strong>(Zacc.</strong></span> <span class='ocrx_word' id='word_1_356' title='bbox 805 2583 853 2623; x_wconf 87' lang='lat' dir='ltr'><em>in</em></span> <span class='ocrx_word' id='word_1_357' title='bbox 872 2597 922 2623; x_wconf 90' lang='lat' dir='ltr'><em>eo</em></span> <span class='ocrx_word' id='word_1_358' title='bbox 943 2582 1149 2637; x_wconf 79' lang='lat' dir='ltr'><strong>reperisse</strong></span> <span class='ocrx_word' id='word_1_359' title='bbox 1165 2580 1277 2621; x_wconf 81' lang='lat' dir='ltr'>visus</span> <span class='ocrx_word' id='word_1_360' title='bbox 1295 2577 1411 2621; x_wconf 80' lang='grc' dir='ltr'><em>κατοὲ</em></span> <span class='ocrx_word' id='word_1_361' title='bbox 1432 2577 1603 2634; x_wconf 75' lang='grc' dir='ltr'><em>κάρας).</em></span> 
     </span>
     <span class='ocr_line' id='line_1_41' title="bbox 270 2636 1338 2695; baseline -0.004 -16"><span class='ocrx_word' id='word_1_362' title='bbox 270 2640 355 2679; x_wconf 87' lang='lat' dir='ltr'><em>Sed</em></span> <span class='ocrx_word' id='word_1_363' title='bbox 369 2640 461 2680; x_wconf 85' lang='lat' dir='ltr'><strong>Par.</strong></span> <span class='ocrx_word' id='word_1_364' title='bbox 479 2648 520 2680; x_wconf 84' lang='lat' dir='ltr'><em>et</em></span> <span class='ocrx_word' id='word_1_365' title='bbox 539 2640 600 2679; x_wconf 88' lang='lat' dir='ltr'><em>El.</em></span> <span class='ocrx_word' id='word_1_366' title='bbox 619 2640 854 2695; x_wconf 78' lang='grc' dir='ltr'><em>κατάκρας.</em></span> <span class='ocrx_word' id='word_1_367' title='bbox 898 2639 1056 2679; x_wconf 83' lang='lat' dir='ltr'><strong>Manut.</strong></span> <span class='ocrx_word' id='word_1_368' title='bbox 1071 2636 1185 2679; x_wconf 77' lang='grc' dir='ltr'><em>κατά</em></span> <span class='ocrx_word' id='word_1_369' title='bbox 1208 2636 1338 2683; x_wconf 86' lang='grc' dir='ltr'><em>κάρα.</em></span> 
     </span>
    </p>
   </div>
   <div class='ocr_carea' id='block_1_5' title="bbox 357 2702 1422 2761">
    <p class='ocr_par' dir='ltr' id='par_1_14' title="bbox 357 2702 1422 2761">
     <span class='ocr_line' id='line_1_42' title="bbox 357 2702 1422 2761; baseline -0.007 -12"><span class='ocrx_word' id='word_1_370' title='bbox 357 2704 559 2761; x_wconf 80' lang='grc' dir='ltr'><em>ἅπαντες]</em></span> <span class='ocrx_word' id='word_1_371' title='bbox 590 2707 680 2748; x_wconf 80' lang='lat' dir='ltr'><strong>vat.</strong></span> <span class='ocrx_word' id='word_1_372' title='bbox 692 2721 731 2747; x_wconf 89' lang='lat'><em>2.</em></span> <span class='ocrx_word' id='word_1_373' title='bbox 749 2703 899 2748; x_wconf 79' lang='grc' dir='ltr'><em>ἅπ”αν.</em></span> <span class='ocrx_word' id='word_1_374' title='bbox 930 2706 1028 2745; x_wconf 83' lang='lat' dir='ltr'><em>Mox</em></span> <span class='ocrx_word' id='word_1_375' title='bbox 1051 2705 1163 2744; x_wconf 84' lang='lat' dir='ltr'><strong>idem</strong></span> <span class='ocrx_word' id='word_1_376' title='bbox 1188 2702 1422 2756; x_wconf 81' lang='grc' dir='ltr'><em>φιλιδονία.</em></span> 
     </span>
    </p>
   </div>
   <div class='ocr_carea' id='block_1_6' title="bbox 1656 1485 1718 3122">
    <p class='ocr_par' dir='ltr' id='par_1_15' title="bbox 1656 1485 1718 3122">
     <span class='ocr_line' id='line_1_43' title="bbox 1656 1485 1718 3122; baseline 0 0"><span class='ocrx_word' id='word_1_377' title='bbox 1656 1485 1718 3122; x_wconf 95' lang='lat' dir='ltr'><em> </em></span> 
     </span>
    </p>
   </div>
  </div>
 </body>
</html>
