1752 3118
334 291 422 332 532
634 284 861 326 NOTAE
887 284 969 325 An
1001 285 1085 327 nr.
1114 285 1364 331 SVBLIM.

335 401 436 440 dum
459 403 542 452 est)
562 406 739 455 quatuor
760 398 864 438 folia
884 399 1144 440 exciderunt.
1185 399 1369 442 Verbum
1388 397 1572 456 primum
1594 421 1668 447 eo-

332 471 451 506 rum,
487 470 592 509 quae
613 456 685 495 hic
707 456 946 508 perierunt,
974 456 1056 494 suit
1076 456 1164 495 sine
1193 457 1320 497 dubio
1344 464 1538 515 ἱστορέω·
1565 464 1669 503 vlti-

332 526 448 552 mum
469 519 608 552 antem
619 542 631 562 ,
664 519 712 550 vt
731 510 836 549 mihi
855 511 1038 561 videtur,
1066 511 1480 568 ὑπεροπτικώτατον,
1497 502 1564 559 ⁸de
1585 533 1667 572 quo

331 569 389 608 ad
405 575 504 608 sect.
525 569 591 608 31.
614 567 705 607 init.
727 567 877 607 dicam.
1109 592 1117 594 >

786 677 815 716 s
844 677 877 717 E
906 679 938 718 c
969 679 1020 729 Τ.
1077 680 1233 722 xxxi·

415 757 455 813 §.
479 771 515 797 1.
543 756 811 799 πτικώτατον
831 761 908 797 καὶ
930 757 1111 813 γόνιμον
1132 759 1222 801 τόδ’
1241 760 1556 816 Ἀνακρέοντος]
1587 762 1670 804 Le-
1736 759 1738 763 ’

330 814 513 869 gendum
533 813 725 859 videtur,
756 812 1093 861 ποιητικώτατον
1114 820 1191 855 καὶ
1213 815 1404 872 γόνιμον.
1434 817 1566 856 Error
1594 833 1669 858 or-

330 879 400 910 tus
425 884 478 909 ex
501 867 748 920 compendio
771 868 1019 919 scripturae.
1050 869 1086 907 T
1087 883 1249 911 OVPIVS.
1304 872 1377 911 His
1395 873 1566 927 syllabis
1589 887 1670 913 no-

330 941 385 966 va
405 924 553 978 pagina
572 924 618 961 in
637 922 730 960 cod.
746 922 970 962 parisiensi
991 930 1087 975 post
1105 925 1320 975 lacunam,
1349 928 1402 973 de
1423 943 1504 981 qua
1524 930 1672 970 monui

329 982 384 1022 ad
409 986 509 1020 sect.
531 979 586 1018 30
613 983 753 1027 extr.,-
772 977 936 1030 incipit.
994 977 1133 1028 Libri,
1164 981 1235 1033 qui
1261 981 1303 1020 h.
1321 983 1350 1020 1.
1372 983 1527 1022 habent
1548 990 1670 1025 ἱπτι-

330 1036 544 1083 κώτατον,
571 1033 741 1073 fluxisse
764 1032 964 1072 videntur
994 1047 1049 1073 ex
1072 1035 1243 1088 antiquo
1278 1037 1355 1077 illo
1384 1038 1540 1077 codice.
1595 1040 1670 1079 Li-
1731 1073 1734 1076 .

328 1092 495 1132 brarius
519 1103 692 1142 nempe,
721 1088 851 1137 notis,
879 1089 1028 1141 quibus
1051 1098 1271 1132 numerata
1300 1100 1398 1132 sunt
1429 1094 1554 1144 solia,
1583 1108 1669 1134 non
1735 1086 1744 1115 5

327 1147 530 1200 inspectis
541 1175 552 1195 ‚
581 1150 601 1184 ἱ
622 1169 677 1178 --
697 1151 740 1183 et
756 1168 813 1176 —
832 1143 1099 1188 πτικώτατον
1117 1147 1162 1185 in
1174 1161 1304 1187 vnum
1320 1148 1460 1188 iunxit
1478 1151 1668 1191 verbum.

331 1204 534 1244 Ceterum
554 1201 624 1241 vir
644 1201 789 1239 doctus
808 1201 853 1239 in
874 1202 1069 1253 exemplo
1089 1202 1284 1242 editionis
1296 1205 1530 1255 Tullianae,
1556 1207 1670 1258 quod
1733 1202 1736 1207 ’

328 1261 377 1299 in
420 1257 615 1298 Biblioth.
647 1257 771 1295 Acad.
808 1256 915 1309 Lips.
944 1265 1203 1308 asseruatur,
1241 1259 1310 1298 hic
1342 1260 1585 1313 adscripsit,
1623 1263 1671 1301 in
1730 1288 1736 1303 ,v

328 1316 424 1355 cod.
450 1315 527 1352 illo
549 1313 663 1362 Par„
691 1325 813 1364 quem
842 1313 931 1364 ipse
955 1312 1147 1362 viderat,
1175 1320 1235 1353 “a
1263 1330 1388 1354 manu
1415 1318 1670 1361 recentiori*
1735 1345 1739 1351 -

328 1371 388 1422 τῷ
418 1368 686 1411 πτικώτατον
706 1367 901 1420 praefigi,
943 1372 1096 1408 “extra
1125 1371 1325 1418 ordinem,
1352 1373 1452 1424 θρε,
1481 1373 1540 1411 ad
1566 1389 1668 1427 sup-

322 1429 518 1483 plendam
546 1425 730 1464 vocem.’'
787 1423 903 1462 Idem
932 1423 1067 1462 tradit
1096 1425 1319 1478 Pearcius,
1357 1426 1408 1468 de
1436 1429 1668 1477 recentiori
1734 1435 1735 1438 ’

327 1491 471 1535 tamen
494 1495 620 1520 manu
645 1480 853 1519 dubitans.

415 1548 613 1604 γόνιμον]
635 1551 865 1601 genuinum
882 1576 894 1596 ‚
921 1547 1115 1587 haustum
1141 1562 1195 1588 cx
1220 1548 1309 1600 ipso
1344 1563 1538 1590 sermone
1564 1552 1668 1591 vul-s

326 1606 418 1660 gari
441 1612 483 1644 et
503 1604 591 1643 vita
610 1603 846 1653 communi,
868 1604 914 1642 in
931 1617 1011 1655 qua
1033 1611 1093 1642 est
1109 1603 1532 1659 ἰδιωτισμός.ΜοΒνε.
1562 1608 1668 1648 Mihi
1728 1614 1735 1639 ’ἴ

329 1662 554 1701 videbatur
593 1672 680 1697 esse
718 1673 956 1712 germanum
964 1688 980 1706 ,
1023 1660 1111 1697 siue
1130 1694 1134 1699 .
1150 1662 1261 1713 quod
1291 1663 1416 1713 plane
1446 1667 1667 1703 conueniat

326 1718 616 1763 Anacreonti,
644 1723 684 1754 et
704 1731 753 1754 ex
770 1729 851 1768 quo
871 1730 962 1754 eum
979 1729 1192 1768 agnoscere
1210 1719 1300 1769 quis
1310 1721 1457 1769 possit.

415 1781 751 1836 ἐπιστρέφομαι]
780 1796 915 1821 amore
946 1785 1108 1835 tangor.
1167 1781 1372 1820 Videntur
1395 1783 1441 1822 id
1472 1784 1665 1824 homines

330 1842 384 1881 de
404 1840 530 1890 vulgo
553 1839 734 1876 max-ime
756 1850 975 1889 vsurpasse
997 1851 1074 1889 pro
1094 1836 1172 1890 ἐρῶ
1182 1867 1197 1885 ,
1227 1837 1412 1892 ἔραμαι,
1441 1853 1546 1890 quae
1567 1848 1665 1880 sun-t
1724 1841 1726 1843 ’
1746 1840 1752 1845 ’

330 1894 595 1948 elegantioris
619 1906 727 1932 vsu8.
785 1892 875 1931 Hoc
904 1900 1017 1931 certe
1044 1899 1226 1931 statuere
1248 1894 1446 1933 debemus
1468 1909 1490 1934 e
1514 1896 1664 1947 dispu-

327 1954 487 1992 tatione
519 1951 731 1988 auctoris:
765 1948 1020 2001 argimlentis
1047 1948 1218 1987 aliunde
1246 1949 1388 2001 petitis
1423 1951 1499 1989 vix
1525 1959 1666 2003 potest

327 2006 502 2048 firmari.
1403 2017 1405 2021 ·

416 2072 490 2115 διοῖ
517 2072 566 2114 τό
587 2071 817 2127 ἀνάλογον]
848 2070 1137 2124 Tautologiam
1159 2072 1231 2111 hic
1261 2072 1487 2111 obtrudere
1509 2073 1664 2112 viden--¹

328 2138 403 2171 tur
431 2130 644 2169 versiones
665 2127 862 2179 Longino.
920 2127 956 2165 Τ
959 2128 1081 2166 ollius
1097 2129 1174 2166 ita:
1198 2131 1390 2183 quoniam
1405 2131 1485 2182 ipsi
1501 2132 1564 2167 rei
1583 2131 1664 2169 ad-

332 2186 571 2227 mirabiliter
603 2188 793 2224 conuenit
800 2212 815 2231 ,
845 2185 1270 2237 significantis-simum
1294 2185 1397 2222 mihi
1423 2199 1573 2237 semper
1596 2190 1662 2224 vi.

329 2239 512 2283 sum'est.
571 2240 784 2279 Pearcius:
824 2241 982 2279 videtur
1003 2241 1104 2278 mihi
1123 2241 1500 2292 significantissime
1519 2255 1561 2279 se
1581 2241 1662 2280 ha-

331 2301 438 2347 bere,
464 2305 674 2351 propterea
694 2296 805 2350 quod
821 2295 1059 2334 vocabulum
1075 2298 1135 2333 rei
1155 2296 1251 2334 bene
1269 2297 1490 2348 respondet.
1527 2295 1596 2334 Sic
1618 2303 1662 2335 et

329 2353 472 2394 Morus
501 2353 583 2390 duo
608 2352 775 2403 quidem
801 2356 1005 2389 commata
1027 2351 1173 2389 verbis
1197 2350 1371 2389 diuersis
1392 2351 1550 2403 posuit,
1586 2352 1662 2391 sed

329 2410 383 2448 iri*
398 2416 574 2460 Vtroque
591 2413 733 2446 tamen
751 2406 926 2445 eundem
945 2406 1150 2458 expressit
1166 2419 1346 2445 sensum.
1396 2407 1479 2445 Sed
1501 2407 1662 2446 scholia

331 2465 446 2506 Mori
467 2463 520 2507 ad
543 2463 932 2514 interpretationem
959 2462 1141 2511 ducunt,
1171 2476 1253 2514 qua
1284 2461 1391 2501 illud
1418 2464 1662 2514 tautologon

335 2521 559 2561 euitamus:
600 2517 711 2558 ί(διοέ
737 2517 786 2559 τό
816 2516 1028 2572 ἀνάλογον
1039 2549 1053 2567 ,
1104 2518 1264 2571 inquit,
1304 2518 1399 2569 quia
1432 2518 1567 2556 simile
1597 2523 1661 2555 est

333 2575 519 2627 Philippi
534 2576 743 2627 ingenium
761 2574 818 2623 ei,
842 2575 952 2626 quod
970 2575 1095 2625 vulgo
1117 2573 1371 2626 significat-ur
1389 2573 1469 2612 hoc
1487 2573 1661 2611 verbo.”

331 2632 430 2672 Non
451 2632 610 2670 verbum
635 2633 695 2670 rei
712 2632 839 2669 simile
863 2638 944 2679 est,
988 2630 1060 2668 sed
1078 2629 1291 2681 ingenium
1313 2628 1495 2680 Philippi
1521 2628 1658 2666 simile

333 2695 396 2729 est
416 2687 582 2742 ingenio
603 2686 869 2739 athletarum,
897 2699 1076 2740 quorum
1094 2685 1316 2740 proprium
1336 2690 1428 2724 erat
1449 2681 1496 2725 τό
1516 2681 1658 2736 οἰναγ-
