<?xml version="1.0" encoding="UTF-8"?>
<!DOCTYPE html PUBLIC "-//W3C//DTD XHTML 1.0 Transitional//EN"
    "http://www.w3.org/TR/xhtml1/DTD/xhtml1-transitional.dtd">
<html xmlns="http://www.w3.org/1999/xhtml" xml:lang="en" lang="en">
 <head>
  <title>
</title>
<meta http-equiv="Content-Type" content="text/html;charset=utf-8" />
  <meta name='ocr-system' content='tesseract 3.04.00' />
  <meta name='ocr-capabilities' content='ocr_page ocr_carea ocr_par ocr_line ocrx_word'/>
</head>
<body>
  <div class='ocr_page' id='page_1' title='image "./dionysiilonginid00long_0381.png"; bbox 0 0 1752 3118; ppageno 0'>
   <div class='ocr_carea' id='block_1_1' title="bbox 391 268 1400 352">
    <p class='ocr_par' dir='ltr' id='par_1_1' title="bbox 391 268 1400 352">
     <span class='ocr_line' id='line_1_1' title="bbox 391 268 1400 352; baseline -0.004 -15"><span class='ocrx_word' id='word_1_1' title='bbox 391 293 677 340; x_wconf 71' lang='grc' dir='ltr'><strong>ιοΝωΝι</strong></span> <span class='ocrx_word' id='word_1_2' title='bbox 722 268 952 332; x_wconf 62' lang='lat' dir='ltr'>rmum.</span> <span class='ocrx_word' id='word_1_3' title='bbox 992 292 1096 333; x_wconf 79' lang='lat' dir='ltr'>vm.</span> <span class='ocrx_word' id='word_1_4' title='bbox 1313 310 1400 352; x_wconf 59' lang='lat'>202</span> 
     </span>
    </p>
   </div>
   <div class='ocr_carea' id='block_1_2' title="bbox 80 403 1479 2727">
    <p class='ocr_par' dir='ltr' id='par_1_2' title="bbox 80 403 1479 2727">
     <span class='ocr_line' id='line_1_2' title="bbox 81 403 1399 463; baseline -0.008 -1"><span class='ocrx_word' id='word_1_5' title='bbox 81 431 199 463; x_wconf 86' lang='lat' dir='ltr'>nere</span> <span class='ocrx_word' id='word_1_6' title='bbox 222 427 271 462; x_wconf 86' lang='lat' dir='ltr'>et</span> <span class='ocrx_word' id='word_1_7' title='bbox 293 410 356 462; x_wconf 92' lang='lat' dir='ltr'>de</span> <span class='ocrx_word' id='word_1_8' title='bbox 378 408 603 460; x_wconf 84' lang='lat' dir='ltr'>omnihus</span> <span class='ocrx_word' id='word_1_9' title='bbox 622 406 821 456; x_wconf 88' lang='lat' dir='ltr'>omnino</span> <span class='ocrx_word' id='word_1_10' title='bbox 847 403 1079 453; x_wconf 84' lang='lat' dir='ltr'>disserere</span> <span class='ocrx_word' id='word_1_11' title='bbox 1104 406 1304 456; x_wconf 82' lang='lat' dir='ltr'>vellem:</span> <span class='ocrx_word' id='word_1_12' title='bbox 1327 411 1399 459; x_wconf 80' lang='lat' dir='ltr'>ni.</span> 
     </span>
     <span class='ocr_line' id='line_1_3' title="bbox 81 495 1400 568; baseline -0.008 -14"><span class='ocrx_word' id='word_1_13' title='bbox 81 505 172 553; x_wconf 84' lang='lat' dir='ltr'>mis</span> <span class='ocrx_word' id='word_1_14' title='bbox 196 506 339 568; x_wconf 87' lang='lat' dir='ltr'>longa</span> <span class='ocrx_word' id='word_1_15' title='bbox 355 502 483 549; x_wconf 84' lang='lat' dir='ltr'>foret</span> <span class='ocrx_word' id='word_1_16' title='bbox 497 499 620 547; x_wconf 86' lang='lat' dir='ltr'>haec</span> <span class='ocrx_word' id='word_1_17' title='bbox 643 495 904 561; x_wconf 78' lang='lat' dir='ltr'>disputatio</span> <span class='ocrx_word' id='word_1_18' title='bbox 920 531 934 556; x_wconf 89' lang='lat'>‚</span> <span class='ocrx_word' id='word_1_19' title='bbox 968 513 1060 543; x_wconf 89' lang='lat' dir='ltr'>nec</span> <span class='ocrx_word' id='word_1_20' title='bbox 1086 497 1254 544; x_wconf 85' lang='lat' dir='ltr'>ceteris</span> <span class='ocrx_word' id='word_1_21' title='bbox 1275 514 1400 565; x_wconf 74' lang='lat' dir='ltr'>apta,</span> 
     </span>
     <span class='ocr_line' id='line_1_4' title="bbox 82 583 1402 656; baseline -0.005 -14"><span class='ocrx_word' id='word_1_22' title='bbox 82 612 197 643; x_wconf 89' lang='lat' dir='ltr'>cum</span> <span class='ocrx_word' id='word_1_23' title='bbox 229 594 302 656; x_wconf 83' lang='lat' dir='ltr'>de·</span> <span class='ocrx_word' id='word_1_24' title='bbox 321 592 414 638; x_wconf 86' lang='lat' dir='ltr'>hac</span> <span class='ocrx_word' id='word_1_25' title='bbox 452 605 584 654; x_wconf 85' lang='lat' dir='ltr'>parte</span> <span class='ocrx_word' id='word_1_26' title='bbox 609 586 851 654; x_wconf 87' lang='lat' dir='ltr'>permulta</span> <span class='ocrx_word' id='word_1_27' title='bbox 883 583 982 631; x_wconf 87' lang='lat' dir='ltr'>dici</span> <span class='ocrx_word' id='word_1_28' title='bbox 1008 599 1054 632; x_wconf 86' lang='lat' dir='ltr'>et</span> <span class='ocrx_word' id='word_1_29' title='bbox 1075 586 1242 650; x_wconf 88' lang='lat' dir='ltr'>plures</span> <span class='ocrx_word' id='word_1_30' title='bbox 1269 588 1402 645; x_wconf 85' lang='lat' dir='ltr'>libri,</span> 
     </span>
     <span class='ocr_line' id='line_1_5' title="bbox 80 672 1401 744; baseline -0.007 -12"><span class='ocrx_word' id='word_1_31' title='bbox 80 685 123 732; x_wconf 80' lang='lat' dir='ltr'>si</span> <span class='ocrx_word' id='word_1_32' title='bbox 152 685 324 739; x_wconf 85' lang='lat' dir='ltr'>velles,</span> <span class='ocrx_word' id='word_1_33' title='bbox 367 681 514 728; x_wconf 83' lang='lat' dir='ltr'>scribi</span> <span class='ocrx_word' id='word_1_34' title='bbox 541 682 751 744; x_wconf 57' lang='lat' dir='ltr'>possent?</span> <span class='ocrx_word' id='word_1_35' title='bbox 818 672 919 722; x_wconf 87' lang='lat' dir='ltr'>Sed</span> <span class='ocrx_word' id='word_1_36' title='bbox 951 674 1071 721; x_wconf 87' lang='lat' dir='ltr'>mihi</span> <span class='ocrx_word' id='word_1_37' title='bbox 1092 678 1401 743; x_wconf 80' lang='lat' dir='ltr'>propositum</span> 
     </span>
     <span class='ocr_line' id='line_1_6' title="bbox 83 758 1403 837; baseline -0.005 -15"><span class='ocrx_word' id='word_1_38' title='bbox 83 787 179 833; x_wconf 84' lang='lat' dir='ltr'>est,</span> <span class='ocrx_word' id='word_1_39' title='bbox 214 789 361 837; x_wconf 85' lang='lat' dir='ltr'>quam</span> <span class='ocrx_word' id='word_1_40' title='bbox 393 769 679 819; x_wconf 80' lang='lat' dir='ltr'>breuissima</span> <span class='ocrx_word' id='word_1_41' title='bbox 709 770 1116 818; x_wconf 82' lang='lat' dir='ltr'>commentatione</span> <span class='ocrx_word' id='word_1_42' title='bbox 1135 806 1147 827; x_wconf 86' lang='lat'>,</span> <span class='ocrx_word' id='word_1_43' title='bbox 1196 758 1319 832; x_wconf 83' lang='lat' dir='ltr'>quae</span> <span class='ocrx_word' id='word_1_44' title='bbox 1343 767 1403 817; x_wconf 88' lang='lat' dir='ltr'>sit</span> 
     </span>
     <span class='ocr_line' id='line_1_7' title="bbox 81 857 1406 925; baseline -0.005 -15"><span class='ocrx_word' id='word_1_45' title='bbox 81 862 204 911; x_wconf 82' lang='lat' dir='ltr'>haec</span> <span class='ocrx_word' id='word_1_46' title='bbox 223 862 342 910; x_wconf 89' lang='lat' dir='ltr'>ratio</span> <span class='ocrx_word' id='word_1_47' title='bbox 367 874 414 910; x_wconf 86' lang='lat' dir='ltr'>et</span> <span class='ocrx_word' id='word_1_48' title='bbox 430 861 525 925; x_wconf 81' lang='lat' dir='ltr'>lex,</span> <span class='ocrx_word' id='word_1_49' title='bbox 553 858 805 908; x_wconf 72' lang='lat' dir='ltr'>variandae</span> <span class='ocrx_word' id='word_1_50' title='bbox 823 873 871 908; x_wconf 87' lang='lat' dir='ltr'>et</span> <span class='ocrx_word' id='word_1_51' title='bbox 891 857 1136 921; x_wconf 82' lang='lat' dir='ltr'>ornandae</span> <span class='ocrx_word' id='word_1_52' title='bbox 1156 857 1406 921; x_wconf 73' lang='lat' dir='ltr'>orationis,</span> 
     </span>
     <span class='ocr_line' id='line_1_8' title="bbox 80 948 1406 1016; baseline -0.004 -16"><span class='ocrx_word' id='word_1_53' title='bbox 80 951 339 1000; x_wconf 80' lang='lat' dir='ltr'>ostendere</span> <span class='ocrx_word' id='word_1_54' title='bbox 364 951 485 1006; x_wconf 83' lang='lat' dir='ltr'>illis,</span> <span class='ocrx_word' id='word_1_55' title='bbox 519 950 606 1016; x_wconf 91' lang='lat' dir='ltr'>qui</span> <span class='ocrx_word' id='word_1_56' title='bbox 631 964 881 998; x_wconf 82' lang='lat' dir='ltr'>versantur</span> <span class='ocrx_word' id='word_1_57' title='bbox 905 951 956 997; x_wconf 90' lang='lat' dir='ltr'>in</span> <span class='ocrx_word' id='word_1_58' title='bbox 987 948 1063 997; x_wconf 85' lang='lat' dir='ltr'>his</span> <span class='ocrx_word' id='word_1_59' title='bbox 1090 950 1208 1015; x_wconf 88' lang='lat' dir='ltr'>ipsis</span> <span class='ocrx_word' id='word_1_60' title='bbox 1241 948 1406 1009; x_wconf 83' lang='lat' dir='ltr'>rebus,</span> 
     </span>
     <span class='ocr_line' id='line_1_9' title="bbox 83 1039 1405 1106; baseline -0.003 -16"><span class='ocrx_word' id='word_1_61' title='bbox 83 1056 130 1090; x_wconf 86' lang='lat' dir='ltr'>et</span> <span class='ocrx_word' id='word_1_62' title='bbox 157 1041 220 1090; x_wconf 89' lang='lat' dir='ltr'>de</span> <span class='ocrx_word' id='word_1_63' title='bbox 251 1040 350 1088; x_wconf 89' lang='lat' dir='ltr'>illis</span> <span class='ocrx_word' id='word_1_64' title='bbox 374 1039 674 1106; x_wconf 72' lang='lat' dir='ltr'>disputantes</span> <span class='ocrx_word' id='word_1_65' title='bbox 708 1053 755 1088; x_wconf 87' lang='lat' dir='ltr'>et</span> <span class='ocrx_word' id='word_1_66' title='bbox 774 1058 969 1088; x_wconf 88' lang='lat' dir='ltr'>omnem</span> <span class='ocrx_word' id='word_1_67' title='bbox 995 1058 1161 1089; x_wconf 84' lang='lat' dir='ltr'>rerum</span> <span class='ocrx_word' id='word_1_68' title='bbox 1192 1039 1405 1103; x_wconf 88' lang='lat' dir='ltr'>comple·-</span> 
     </span>
     <span class='ocr_line' id='line_1_10' title="bbox 83 1129 1456 1196; baseline -0.001 -18"><span class='ocrx_word' id='word_1_69' title='bbox 83 1149 202 1178; x_wconf 82' lang='lat' dir='ltr'>xum</span> <span class='ocrx_word' id='word_1_70' title='bbox 221 1144 566 1195; x_wconf 86' lang='lat' dir='ltr'>persequentes</span> <span class='ocrx_word' id='word_1_71' title='bbox 588 1145 729 1195; x_wconf 86' lang='lat' dir='ltr'>saepe</span> <span class='ocrx_word' id='word_1_72' title='bbox 752 1130 1081 1189; x_wconf 76' lang='lat' dir='ltr'>audium-unt,</span> <span class='ocrx_word' id='word_1_73' title='bbox 1118 1129 1304 1196; x_wconf 89' lang='lat' dir='ltr'>quique</span> <span class='ocrx_word' id='word_1_74' title='bbox 1326 1145 1412 1176; x_wconf 58' lang='lat' dir='ltr'>exn⁴</span> <span class='ocrx_word' id='word_1_75' title='bbox 1446 1150 1456 1176; x_wconf 69' lang='lat'>.-</span> 
     </span>
     <span class='ocr_line' id='line_1_11' title="bbox 86 1217 1407 1285; baseline -0.002 -17"><span class='ocrx_word' id='word_1_76' title='bbox 86 1219 395 1268; x_wconf 75' lang='lat' dir='ltr'>ercitationi&#39;s</span> <span class='ocrx_word' id='word_1_77' title='bbox 421 1234 468 1268; x_wconf 87' lang='lat' dir='ltr'>et</span> <span class='ocrx_word' id='word_1_78' title='bbox 495 1217 648 1266; x_wconf 91' lang='lat' dir='ltr'>studii</span> <span class='ocrx_word' id='word_1_79' title='bbox 682 1236 778 1266; x_wconf 89' lang='lat' dir='ltr'>non</span> <span class='ocrx_word' id='word_1_80' title='bbox 806 1235 1024 1285; x_wconf 82' lang='lat' dir='ltr'>expertes</span> <span class='ocrx_word' id='word_1_81' title='bbox 1051 1238 1133 1281; x_wconf 85' lang='lat' dir='ltr'>ea,</span> <span class='ocrx_word' id='word_1_82' title='bbox 1167 1237 1292 1284; x_wconf 88' lang='lat' dir='ltr'>quae</span> <span class='ocrx_word' id='word_1_83' title='bbox 1319 1217 1407 1265; x_wconf 89' lang='lat' dir='ltr'>do-</span> 
     </span>
     <span class='ocr_line' id='line_1_12' title="bbox 85 1306 1407 1374; baseline -0.001 -18"><span class='ocrx_word' id='word_1_84' title='bbox 85 1307 232 1356; x_wconf 88' lang='lat' dir='ltr'>cendi</span> <span class='ocrx_word' id='word_1_85' title='bbox 255 1325 395 1356; x_wconf 89' lang='lat' dir='ltr'>causa</span> <span class='ocrx_word' id='word_1_86' title='bbox 417 1306 832 1368; x_wconf 76' lang='lat' dir='ltr'>adumbrauimus,</span> <span class='ocrx_word' id='word_1_87' title='bbox 861 1309 1002 1358; x_wconf 82' lang='lat' dir='ltr'>etiam</span> <span class='ocrx_word' id='word_1_88' title='bbox 1025 1310 1202 1374; x_wconf 87' lang='lat' dir='ltr'>scripta</span> <span class='ocrx_word' id='word_1_89' title='bbox 1225 1307 1407 1356; x_wconf 73' lang='lat' dir='ltr'>hahere</span> 
     </span>
     <span class='ocr_line' id='line_1_13' title="bbox 85 1390 1408 1464; baseline -0.003 -17"><span class='ocrx_word' id='word_1_90' title='bbox 85 1416 137 1447; x_wconf 86' lang='lat' dir='ltr'>se</span> <span class='ocrx_word' id='word_1_91' title='bbox 165 1398 391 1463; x_wconf 74' lang='lat' dir='ltr'>oportere</span> <span class='ocrx_word' id='word_1_92' title='bbox 419 1412 602 1463; x_wconf 83' lang='lat' dir='ltr'>putant.</span> <span class='ocrx_word' id='word_1_93' title='bbox 669 1396 771 1445; x_wconf 89' lang='lat' dir='ltr'>Sed</span> <span class='ocrx_word' id='word_1_94' title='bbox 796 1398 836 1445; x_wconf 89' lang='lat' dir='ltr'>si</span> <span class='ocrx_word' id='word_1_95' title='bbox 860 1390 968 1464; x_wconf 56' lang='lat' dir='ltr'>{Juis</span> <span class='ocrx_word' id='word_1_96' title='bbox 991 1400 1134 1448; x_wconf 87' lang='lat' dir='ltr'>etiam</span> <span class='ocrx_word' id='word_1_97' title='bbox 1159 1398 1300 1455; x_wconf 83' lang='lat' dir='ltr'>alius,</span> <span class='ocrx_word' id='word_1_98' title='bbox 1334 1396 1408 1443; x_wconf 83' lang='lat' dir='ltr'>in-</span> 
     </span>
     <span class='ocr_line' id='line_1_14' title="bbox 85 1486 1409 1552; baseline -0.002 -16"><span class='ocrx_word' id='word_1_99' title='bbox 85 1488 244 1552; x_wconf 82' lang='lat' dir='ltr'>genio,</span> <span class='ocrx_word' id='word_1_100' title='bbox 272 1486 493 1535; x_wconf 85' lang='lat' dir='ltr'>doctrina</span> <span class='ocrx_word' id='word_1_101' title='bbox 523 1501 568 1535; x_wconf 89' lang='lat' dir='ltr'>et</span> <span class='ocrx_word' id='word_1_102' title='bbox 592 1486 807 1535; x_wconf 87' lang='lat' dir='ltr'>sollertia</span> <span class='ocrx_word' id='word_1_103' title='bbox 834 1487 1084 1549; x_wconf 81' lang='lat' dir='ltr'>excitatus,</span> <span class='ocrx_word' id='word_1_104' title='bbox 1121 1487 1183 1536; x_wconf 90' lang='lat' dir='ltr'>de</span> <span class='ocrx_word' id='word_1_105' title='bbox 1203 1499 1304 1535; x_wconf 85' lang='lat' dir='ltr'>arte</span> <span class='ocrx_word' id='word_1_106' title='bbox 1327 1502 1409 1534; x_wconf 84' lang='lat' dir='ltr'>co-</span> 
     </span>
     <span class='ocr_line' id='line_1_15' title="bbox 87 1575 1458 1644; baseline 0 -20"><span class='ocrx_word' id='word_1_107' title='bbox 87 1577 233 1641; x_wconf 82' lang='lat' dir='ltr'>gitare</span> <span class='ocrx_word' id='word_1_108' title='bbox 263 1575 586 1640; x_wconf 85' lang='lat' dir='ltr'>ingrediatur,</span> <span class='ocrx_word' id='word_1_109' title='bbox 623 1592 669 1626; x_wconf 90' lang='lat' dir='ltr'>et</span> <span class='ocrx_word' id='word_1_110' title='bbox 693 1595 770 1639; x_wconf 87' lang='lat' dir='ltr'>ea,</span> <span class='ocrx_word' id='word_1_111' title='bbox 805 1596 931 1643; x_wconf 86' lang='lat' dir='ltr'>quae</span> <span class='ocrx_word' id='word_1_112' title='bbox 966 1578 1192 1644; x_wconf 82' lang='lat' dir='ltr'>exposui,</span> <span class='ocrx_word' id='word_1_113' title='bbox 1227 1593 1409 1640; x_wconf 85' lang='lat' dir='ltr'>cogno·</span> <span class='ocrx_word' id='word_1_114' title='bbox 1455 1606 1458 1608; x_wconf 94' lang='lat'><em>-</em></span> 
     </span>
     <span class='ocr_line' id='line_1_16' title="bbox 87 1665 1408 1733; baseline -0.002 -18"><span class='ocrx_word' id='word_1_115' title='bbox 87 1683 211 1717; x_wconf 85' lang='lat' dir='ltr'>scat:</span> <span class='ocrx_word' id='word_1_116' title='bbox 255 1666 409 1731; x_wconf 85' lang='lat' dir='ltr'>possit</span> <span class='ocrx_word' id='word_1_117' title='bbox 438 1665 551 1728; x_wconf 81' lang='lat' dir='ltr'>ille,</span> <span class='ocrx_word' id='word_1_118' title='bbox 596 1666 683 1714; x_wconf 89' lang='lat' dir='ltr'>etsi</span> <span class='ocrx_word' id='word_1_119' title='bbox 712 1684 819 1715; x_wconf 89' lang='lat' dir='ltr'>mea</span> <span class='ocrx_word' id='word_1_120' title='bbox 853 1666 1110 1733; x_wconf 86' lang='lat' dir='ltr'>disciplina</span> <span class='ocrx_word' id='word_1_121' title='bbox 1140 1685 1240 1715; x_wconf 90' lang='lat' dir='ltr'>non</span> <span class='ocrx_word' id='word_1_122' title='bbox 1263 1683 1376 1721; x_wconf 82' lang='lat' dir='ltr'>vsus</span> <span class='ocrx_word' id='word_1_123' title='bbox 1393 1699 1408 1726; x_wconf 93' lang='lat'>,</span> 
     </span>
     <span class='ocr_line' id='line_1_17' title="bbox 81 1755 1410 1822; baseline -0.001 -17"><span class='ocrx_word' id='word_1_124' title='bbox 81 1772 247 1822; x_wconf 80' lang='lat' dir='ltr'>neque</span> <span class='ocrx_word' id='word_1_125' title='bbox 268 1756 373 1804; x_wconf 90' lang='lat' dir='ltr'>aliis</span> <span class='ocrx_word' id='word_1_126' title='bbox 397 1756 564 1804; x_wconf 88' lang='lat' dir='ltr'>multis</span> <span class='ocrx_word' id='word_1_127' title='bbox 586 1755 840 1805; x_wconf 88' lang='lat' dir='ltr'>audiendis</span> <span class='ocrx_word' id='word_1_128' title='bbox 862 1756 1099 1820; x_wconf 82' lang='lat' dir='ltr'>eruditus,</span> <span class='ocrx_word' id='word_1_129' title='bbox 1122 1774 1220 1806; x_wconf 85' lang='lat' dir='ltr'>suo-</span> <span class='ocrx_word' id='word_1_130' title='bbox 1237 1755 1410 1814; x_wconf 84' lang='lat' dir='ltr'>Marte,</span> 
     </span>
     <span class='ocr_line' id='line_1_18' title="bbox 85 1845 1412 1914; baseline 0.001 -20"><span class='ocrx_word' id='word_1_131' title='bbox 85 1864 213 1912; x_wconf 82' lang='lat' dir='ltr'>quae</span> <span class='ocrx_word' id='word_1_132' title='bbox 240 1845 611 1907; x_wconf 60' lang='lat' dir='ltr'>desiderantur,</span> <span class='ocrx_word' id='word_1_133' title='bbox 643 1847 836 1913; x_wconf 82' lang='lat' dir='ltr'>plenius</span> <span class='ocrx_word' id='word_1_134' title='bbox 867 1864 1122 1914; x_wconf 84' lang='lat' dir='ltr'>exponere.</span> <span class='ocrx_word' id='word_1_135' title='bbox 1192 1846 1234 1895; x_wconf 94' lang='lat' dir='ltr'><strong>E</strong></span> <span class='ocrx_word' id='word_1_136' title='bbox 1266 1863 1412 1911; x_wconf 82' lang='lat' dir='ltr'>prae-</span> 
     </span>
     <span class='ocr_line' id='line_1_19' title="bbox 88 1935 1413 2002; baseline -0.002 -18"><span class='ocrx_word' id='word_1_137' title='bbox 88 1937 240 2002; x_wconf 83' lang='lat' dir='ltr'>ceptis</span> <span class='ocrx_word' id='word_1_138' title='bbox 270 1954 447 2002; x_wconf 87' lang='lat' dir='ltr'>nempe</span> <span class='ocrx_word' id='word_1_139' title='bbox 472 1938 591 1986; x_wconf 89' lang='lat' dir='ltr'>meis</span> <span class='ocrx_word' id='word_1_140' title='bbox 614 1937 881 2001; x_wconf 78' lang='lat' dir='ltr'>ducentur3</span> <span class='ocrx_word' id='word_1_141' title='bbox 915 1937 1066 1986; x_wconf 90' lang='lat' dir='ltr'>modo</span> <span class='ocrx_word' id='word_1_142' title='bbox 1088 1937 1173 1986; x_wconf 89' lang='lat' dir='ltr'>ille</span> <span class='ocrx_word' id='word_1_143' title='bbox 1200 1937 1275 1984; x_wconf 91' lang='lat' dir='ltr'>his</span> <span class='ocrx_word' id='word_1_144' title='bbox 1298 1935 1413 1983; x_wconf 77' lang='lat' dir='ltr'>insi-</span> 
     </span>
     <span class='ocr_line' id='line_1_20' title="bbox 88 2025 1415 2091; baseline 0.001 -18"><span class='ocrx_word' id='word_1_145' title='bbox 88 2040 177 2075; x_wconf 81' lang='lat' dir='ltr'>stat</span> <span class='ocrx_word' id='word_1_146' title='bbox 200 2027 336 2091; x_wconf 86' lang='lat' dir='ltr'>quasi</span> <span class='ocrx_word' id='word_1_147' title='bbox 356 2027 579 2091; x_wconf 84' lang='lat' dir='ltr'>vestigiis,</span> <span class='ocrx_word' id='word_1_148' title='bbox 617 2042 662 2076; x_wconf 88' lang='lat' dir='ltr'>et</span> <span class='ocrx_word' id='word_1_149' title='bbox 683 2046 709 2075; x_wconf 87' lang='lat' dir='ltr'>a</span> <span class='ocrx_word' id='word_1_150' title='bbox 731 2028 807 2077; x_wconf 83' lang='lat' dir='ltr'>via</span> <span class='ocrx_word' id='word_1_151' title='bbox 828 2042 1090 2076; x_wconf 83' lang='lat' dir='ltr'>monstrata</span> <span class='ocrx_word' id='word_1_152' title='bbox 1107 2044 1170 2075; x_wconf 90' lang='lat' dir='ltr'>ne</span> <span class='ocrx_word' id='word_1_153' title='bbox 1193 2025 1415 2074; x_wconf 86' lang='lat' dir='ltr'>decedat.</span> 
     </span>
     <span class='ocr_line' id='line_1_21' title="bbox 186 2113 1479 2183; baseline 0 -21"><span class='ocrx_word' id='word_1_154' title='bbox 186 2115 386 2164; x_wconf 89' lang='lat' dir='ltr'>Comma</span> <span class='ocrx_word' id='word_1_155' title='bbox 405 2135 515 2182; x_wconf 82' lang='lat' dir='ltr'>pars</span> <span class='ocrx_word' id='word_1_156' title='bbox 541 2131 609 2166; x_wconf 89' lang='lat' dir='ltr'>est</span> <span class='ocrx_word' id='word_1_157' title='bbox 639 2118 838 2166; x_wconf 88' lang='lat' dir='ltr'>minima</span> <span class='ocrx_word' id='word_1_158' title='bbox 868 2116 1090 2183; x_wconf 81' lang='lat' dir='ltr'>periodi3</span> <span class='ocrx_word' id='word_1_159' title='bbox 1139 2131 1191 2165; x_wconf 86' lang='lat' dir='ltr'>vt</span> <span class='ocrx_word' id='word_1_160' title='bbox 1219 2113 1479 2164; x_wconf 61' lang='lat' dir='ltr'>nond-12</span> 
     </span>
     <span class='ocr_line' id='line_1_22' title="bbox 89 2205 1413 2272; baseline 0 -18"><span class='ocrx_word' id='word_1_161' title='bbox 89 2225 171 2262; x_wconf 79' lang='grc' dir='ltr'>κις</span> <span class='ocrx_word' id='word_1_162' title='bbox 195 2205 484 2270; x_wconf 75' lang='grc' dir='ltr'>ἐθαύμασα</span> <span class='ocrx_word' id='word_1_163' title='bbox 497 2243 511 2265; x_wconf 89' lang='grc'>,</span> <span class='ocrx_word' id='word_1_164' title='bbox 527 2244 536 2256; x_wconf 92' lang='grc'><strong><em>.</em></strong></span> <span class='ocrx_word' id='word_1_165' title='bbox 551 2245 560 2256; x_wconf 92' lang='grc'><strong><em>.</em></strong></span> <span class='ocrx_word' id='word_1_166' title='bbox 577 2244 610 2256; x_wconf 90' lang='grc'>.,</span> <span class='ocrx_word' id='word_1_167' title='bbox 645 2207 748 2256; x_wconf 82' lang='grc' dir='ltr'><em>τίσι</em></span> <span class='ocrx_word' id='word_1_168' title='bbox 780 2225 906 2255; x_wconf 79' lang='grc' dir='ltr'><em>ποτε</em></span> <span class='ocrx_word' id='word_1_169' title='bbox 939 2205 1111 2268; x_wconf 81' lang='grc' dir='ltr'><strong><em>λόγοις</em></strong></span> <span class='ocrx_word' id='word_1_170' title='bbox 1137 2205 1413 2272; x_wconf 69' lang='grc' dir='ltr'>Ἀθηναίθς</span> 
     </span>
     <span class='ocr_line' id='line_1_23' title="bbox 87 2295 1413 2363; baseline 0.002 -21"><span class='ocrx_word' id='word_1_171' title='bbox 87 2296 298 2343; x_wconf 72' lang='grc' dir='ltr'><em>ἔπεισαν</em></span> <span class='ocrx_word' id='word_1_172' title='bbox 315 2296 368 2343; x_wconf 77' lang='grc' dir='ltr'>οἰ</span> <span class='ocrx_word' id='word_1_173' title='bbox 384 2296 719 2362; x_wconf 77' lang='grc' dir='ltr'><em>γραψάμενοι</em></span> <span class='ocrx_word' id='word_1_174' title='bbox 737 2295 1038 2363; x_wconf 75' lang='grc' dir='ltr'><strong><em>Σωκράτην.</em></strong></span> <span class='ocrx_word' id='word_1_175' title='bbox 1068 2296 1413 2345; x_wconf 85' lang='lat' dir='ltr'>Membrorum</span> 
     </span>
     <span class='ocr_line' id='line_1_24' title="bbox 89 2385 1414 2451; baseline 0.002 -19"><span class='ocrx_word' id='word_1_176' title='bbox 89 2385 221 2433; x_wconf 89' lang='lat' dir='ltr'>enim</span> <span class='ocrx_word' id='word_1_177' title='bbox 251 2386 342 2433; x_wconf 83' lang='lat' dir='ltr'>alia</span> <span class='ocrx_word' id='word_1_178' title='bbox 367 2400 480 2434; x_wconf 86' lang='lat' dir='ltr'>sunt</span> <span class='ocrx_word' id='word_1_179' title='bbox 503 2386 601 2434; x_wconf 87' lang='lat' dir='ltr'>hoc</span> <span class='ocrx_word' id='word_1_180' title='bbox 632 2386 886 2448; x_wconf 81' lang='lat' dir='ltr'>breuiora,</span> <span class='ocrx_word' id='word_1_181' title='bbox 922 2388 1013 2435; x_wconf 84' lang='lat' dir='ltr'>alia</span> <span class='ocrx_word' id='word_1_182' title='bbox 1036 2387 1285 2451; x_wconf 82' lang='lat' dir='ltr'>longiora,</span> <span class='ocrx_word' id='word_1_183' title='bbox 1318 2386 1414 2440; x_wconf 50' lang='lat' dir='ltr'>sic&lt;</span> 
     </span>
     <span class='ocr_line' id='line_1_25' title="bbox 89 2475 1409 2543; baseline 0.002 -20"><span class='ocrx_word' id='word_1_184' title='bbox 89 2476 157 2524; x_wconf 87' lang='lat' dir='ltr'>vti</span> <span class='ocrx_word' id='word_1_185' title='bbox 187 2476 375 2524; x_wconf 90' lang='lat' dir='ltr'>scilicet</span> <span class='ocrx_word' id='word_1_186' title='bbox 404 2490 450 2524; x_wconf 90' lang='lat' dir='ltr'>et</span> <span class='ocrx_word' id='word_1_187' title='bbox 481 2475 799 2541; x_wconf 87' lang='lat' dir='ltr'>periodorum</span> <span class='ocrx_word' id='word_1_188' title='bbox 841 2478 962 2525; x_wconf 85' lang='lat' dir='ltr'>aliae</span> <span class='ocrx_word' id='word_1_189' title='bbox 991 2492 1105 2526; x_wconf 90' lang='lat' dir='ltr'>sunt</span> <span class='ocrx_word' id='word_1_190' title='bbox 1141 2477 1409 2543; x_wconf 74' lang='lat' dir='ltr'>longiores,</span> 
     </span>
     <span class='ocr_line' id='line_1_26' title="bbox 90 2566 1414 2635; baseline 0.001 -22"><span class='ocrx_word' id='word_1_191' title='bbox 90 2566 210 2614; x_wconf 75' lang='lat' dir='ltr'>aliae</span> <span class='ocrx_word' id='word_1_192' title='bbox 244 2567 504 2616; x_wconf 83' lang='lat' dir='ltr'>breuiores.</span> <span class='ocrx_word' id='word_1_193' title='bbox 575 2566 758 2616; x_wconf 85' lang='lat' dir='ltr'>Eadem</span> <span class='ocrx_word' id='word_1_194' title='bbox 796 2582 865 2617; x_wconf 84' lang='lat' dir='ltr'>est</span> <span class='ocrx_word' id='word_1_195' title='bbox 894 2570 1232 2635; x_wconf 85' lang='lat' dir='ltr'>pericoparum</span> <span class='ocrx_word' id='word_1_196' title='bbox 1275 2566 1414 2618; x_wconf 71' lang='lat' dir='ltr'>ratim</span> 
     </span>
     <span class='ocr_line' id='line_1_27' title="bbox 90 2655 1411 2727; baseline 0.002 -24"><span class='ocrx_word' id='word_1_197' title='bbox 90 2655 215 2704; x_wconf 87' lang='lat' dir='ltr'>Nam</span> <span class='ocrx_word' id='word_1_198' title='bbox 237 2658 318 2705; x_wconf 77' lang='lat' dir='ltr'>vbi</span> <span class='ocrx_word' id='word_1_199' title='bbox 341 2658 493 2708; x_wconf 84' lang='lat' dir='ltr'>oratio</span> <span class='ocrx_word' id='word_1_200' title='bbox 521 2657 575 2708; x_wconf 86' lang='lat' dir='ltr'>fit</span> <span class='ocrx_word' id='word_1_201' title='bbox 595 2659 825 2723; x_wconf 81' lang='lat' dir='ltr'>amplior,</span> <span class='ocrx_word' id='word_1_202' title='bbox 873 2660 1020 2708; x_wconf 88' lang='lat' dir='ltr'>simul</span> <span class='ocrx_word' id='word_1_203' title='bbox 1055 2675 1100 2709; x_wconf 89' lang='lat' dir='ltr'>et</span> <span class='ocrx_word' id='word_1_204' title='bbox 1122 2676 1280 2727; x_wconf 80' lang='lat' dir='ltr'>partes</span> <span class='ocrx_word' id='word_1_205' title='bbox 1309 2660 1411 2708; x_wconf 78' lang='lat' dir='ltr'>eius</span> 
     </span>
    </p>
   </div>
  </div>
 </body>
</html>
