1752 3118
347 292 445 341 ET
491 276 843 340 SCRIPTIS
878 288 1450 346 LoNG1N1.txx1
1487 280 1491 285 “

137 417 326 479 nomine
344 414 539 462 laudari.
575 413 762 472 Quam
780 414 1161 465 obseruationem
1181 417 1220 464 si
1239 420 1344 483 quis
1365 422 1452 469 mi-

134 499 293 532 nutam
311 495 359 530 et
377 480 772 530 contemnendam
794 480 918 530 dicat
933 516 947 541 ,
981 483 1022 531 is
1042 483 1184 546 sciat,
1215 502 1321 533 eam
1339 505 1451 535 mox

134 550 302 599 nobis
290 568 339 597 ιιι
361 549 657 614 grauioribus
674 549 989 614 profuturam.

712 709 751 774 §·
787 707 872 756 ιιι.

229 812 346 869 Quo
373 829 496 859 anno
520 810 767 876 Longinus
788 827 926 862 natus
948 813 1045 890 sit,
1069 830 1212 862 nemo
1236 831 1450 865 comme-

125 881 359 942 morauit,
404 879 513 926 satis
549 879 833 928 habentibus
867 881 1072 946 antiquis
1103 881 1447 946 scriptoribuS‚

126 962 341 1012 tempus,
378 964 475 1011 quo
509 965 740 994 summam
767 948 945 1012 ingenii
970 948 1168 1012 gloriam
1196 949 1447 1013 attigisset,

126 1013 384 1078 designare.
455 1013 655 1062 Photius
680 1015 802 1062 Bibl.
831 1014 950 1063 Cod.
979 1014 1058 1064 CC
1067 1015 1216 1064 LXV
1241 1035 1286 1081 p.
1309 1021 1448 1078 1470.

124 1084 214 1131 ἐπὶ
233 1080 507 1130 Κλαυδίου
526 1080 581 1130 δὲ
602 1082 895 1143 Aoyytvog’
868 1082 1091 1153 ἤκμαζε.
1129 1083 1303 1145 Georg.
1328 1083 1450 1151 Syn-
1515 1112 1518 1119 ·

124 1150 275 1197 cellus
301 1148 481 1196 Chron.
503 1167 548 1213 p.
575 1152 686 1195 584.
709 1148 790 1213 εφ’
818 1155 885 1196 οὑ
911 1148 1292 1213 (Αὐρηλιανοῦ)
1317 1154 1450 1215 φασὶ

128 1213 487 1279 Φιλόστρατον
507 1218 598 1263 τὸν
613 1214 894 1281 Αθηναῖοι)
914 1216 1331 1279 ἱστοριογράφον,
1352 1221 1449 1263 καὶ

123 1284 383 1344 Λογγῖνον
405 1280 660 1343 ἀκμάσαι.
728 1280 827 1330 Sed
851 1281 971 1347 quid
990 1284 1195 1330 natalem
1219 1282 1345 1330 diem
1372 1302 1449 1331 an-

123 1366 300 1399 numue
323 1350 445 1397 scire
463 1349 653 1408 attinet,
691 1367 799 1397 cum
827 1364 953 1397 aetas
980 1349 1081 1396 eius
1103 1349 1213 1397 satis
1238 1367 1317 1397 cer
1323 1351 1378 1397 tis
1402 1365 1450 1399 et

122 1416 390 1482 perspicuis
426 1416 616 1463 indiciis
650 1431 865 1465 teneatui
877 1416 905 1463 ’ἶ
937 1417 984 1463 Ν
988 1434 1063 1463 am
1098 1417 1138 1464 si
1174 1417 1450 1478 magistrum

123 1484 294 1546 viginti
315 1483 447 1531 annis
471 1481 707 1547 discipulo
730 1483 965 1550 Porphyl
954 1499 1028 1545 ιο,
1067 1483 1152 1548 qui
1175 1483 1234 1531 A.
1258 1483 1309 1531 C.
1338 1488 1449 1532 255.

123 1565 261 1598 natus
298 1565 394 1609 est,
451 1549 751 1613 grandiorem
786 1539 933 1597 fnisse
968 1568 1228 1614 ponamus,
1280 1551 1448 1599 natalis

122 1617 223 1664 eius
256 1616 464 1664 incidit
451 1635 500 1662 m
526 1616 581 1663 A.
614 1618 664 1664 C.
690 1621 798 1664 2ι5.
822 1616 1031 1679 vixitque
1056 1615 1176 1664 adeo
1199 1617 1449 1682 Longinus

122 1683 358 1747 sexaginta
382 1699 558 1743 annos,
597 1683 825 1746 quoniam
845 1697 1030 1730 certum
1054 1698 1124 1731 est
1138 1721 1155 1742 ,
1191 1701 1300 1731 eum
1318 1686 1374 1731 A.
1395 1686 1448 1733 C.

124 1753 237 1810 275.
272 1750 477 1815 periisse.
543 1749 657 1797 Non
682 1751 839 1797 minus
864 1750 1074 1798 incertus
1099 1764 1170 1798 est
1190 1750 1291 1798 eius
1310 1751 1449 1799 locus

121 1817 305 1865 natalis.
375 1816 490 1864 Abr.
517 1816 1087 1885 SellerusAnt.Palmy1.
1118 1836 1164 1882 p.
1189 1822 1301 1866 288.
1336 1818 1452 1866 Pal-

121 1901 373 1950 myrenum
401 1901 500 1931 esse
534 1885 826 1949 suspicatur·
862 1883 1036 1950 Syrum
1068 1885 1144 1933 vel
1173 1885 1450 1934 Emisenum

123 1951 319 1998 Gabriel
354 1950 413 1999 de
444 1951 610 2010 Petra,
659 1953 737 1999 cui
766 1951 1049 1999 Holstenius
1086 1950 1146 1998 de
1180 1951 1294 1999 Vita
1323 1952 1449 1999 Por-

120 2019 259 2085 phyr.
288 2037 329 2067 c.
357 2017 656 2066 &accedere
680 2017 889 2066 videtui·
879 2055 892 2078 ,
930 2017 1268 2084 Pamphylium
1291 2019 1450 2084 Lang-

69 2111 80 2123 ι
119 2087 343 2145 baenius,
380 2085 559 2150 quippe
588 2086 875 2152 Dionysium
899 2084 1174 2147 Longinum
1200 2102 1448 2151 perperam

122 2152 422 2202 confundens
445 2171 556 2200 cum
581 2153 825 2219 Dionysi0
844 2152 1092 2200 Phaselite.
1162 2153 1338 2219 Syrum
1358 2154 1450 2202 viri

122 2219 252 2268 docti
290 2220 562 2284 Longinum
596 2221 774 2268 faciunt
816 2219 913 2267 hoc
948 2235 1255 2281 argumento,
1314 2220 1450 2285 quod.
1502 2244 1504 2246 ·

122 2301 274 2335 mater
297 2287 412 2352 Syra
442 2287 552 2346 fuit,
591 2302 637 2335 et
661 2286 797 2351 quod
819 2305 880 2335 ex
891 2286 1142 2351 Vopisco
1130 2305 1179 2334 m
1201 2287 1446 2336 Aurelian.

130 2358 204 2402 50.
239 2354 330 2400 sibi
358 2354 607 2419 collegisse
636 2355 726 2403 visi
755 2368 893 2414 sunt,
892 2354 1202 2417 'Longinum
1225 2354 1447 2420 Syiiacae

127 2421 314 2486 linguae
345 2421 549 2485 peritum
570 2423 730 2470 fuisse.
797 2423 865 2470 At
887 2422 1046 2470 scierit
1036 2390 1300 2486 b’Syiiace,
1323 2421 1446 2468 nihil

128 2488 364 2553 impedio:
403 2490 621 2553 quamuis
654 2488 707 2536 id
742 2506 799 2537 ex
833 2485 1056 2553 ambfbuo
1092 2488 1298 2565 Vopisci
1330 2489 1444 2535 loco

127 2556 204 2604 vix
237 2555 438 2617 intelligi
472 2557 647 2620 possit:
683 2575 799 2604 num
833 2556 1016 2604 idcirco
1052 2556 1205 2604 statim
1234 2556 1284 2603 in
1310 2555 1447 2621 Syria

127 2638 258 2670 natus
282 2622 515 2686 putandus
539 2638 635 2672 est.
618 2624 642 2660 7
667 2625 781 2672 Eius
801 2625 925 2671 enim
948 2624 1135 2687 linguae
1154 2623 1231 2671 vcl
1252 2642 1276 2668 a
1299 2636 1447 2668 matie

128 2690 176 2737 in
203 2690 426 2752 Graecia,
463 2690 536 2741 vel
562 2709 588 2738 a
614 2692 933 2758 Palmyrenis,
967 2689 1094 2756 apud
1128 2707 1251 2755 quos
1284 2702 1446 2754 postea
