1752 3118
275 249 673 302 L0,NG1,N12DE
711 246 881 289 SVBL.
920 246 1092 289 SECT.
1121 251 1209 294 XV.
1361 251 1416 297 65

80 368 188 419 Sed
222 367 472 416 infinitum
507 362 857 427 foret,-omnia
890 379 1156 411 recensere.
1232 362 1408 413 Euim—
1445 367 1474 420 8

87 479 206 511 vero
251 459 469 526 poeticae
514 455 750 513 visiones,
799 467 852 503 vt
899 450 1022 510 dixi,
1055 452 1289 500 maiorem
1311 453 1406 502 ha-

78 552 198 600 bent
232 563 279 598 et
310 547 488 595 fabulis
524 562 815 602 concessam·
839 540 1105 604 licentiam,
1142 562 1268 609 quae
1304 562 1406 592 om-

76 641 196 689 nino
230 637 382 686 fidem
420 636 632 698 excedi13
668 633 756 689 sed
801 632 1158 689 rhetoricarum
1201 635 1407 689 maxima
1439 639 1444 649 ’

80 744 150 778 est
184 725 542 777 commendatio
579 744 605 773 a
639 723 945 774 vehementia
981 739 1028 774 et
1061 717 1271 775 veritate.
1307 725 1403 773 Im-

76 817 359 885 probandae
391 831 554 865 autem
599 830 646 864 et
686 815 870 885 alienae
911 829 1025 865 sunt
1070 814 1401 876 (huiusmodi)

77 907 416 973 digressiones,
450 908 490 954 si
524 923 676 971 genus
713 904 913 955 dicendi
966 905 1216 972 poeticum
1253 920 1300 955 et
1346 907 1403 953 fi.

80 998 181 1046 ctio
216 998 438 1047 fabulosa
473 996 552 1055 sit,
588 1010 634 1045 et
669 994 731 1045 ad
767 1014 822 1044 ea
859 1011 1011 1062 vsque
1045 995 1403 1062 progrediatur,

77 1105 203 1153 quae
238 1086 346 1136 fieri
380 1102 660 1153 nequeunt,
697 1084 1148 1152 quemadmodum,
1191 1076 1405 1153 qui—no-

74 1190 171 1225 stra
205 1191 354 1226 aetate
391 1171 607 1224 dicendo
647 1176 910 1238 excellunt,
946 1190 1194 1241 tamquam
1229 1177 1402 1241 tragici

73 1281 276 1332 poetae,
309 1266 456 1315 furias
490 1264 690 1324 vident,
725 1265 777 1313 in
826 1283 927 1331 quo
978 1266 1158 1330 egregii
1193 1266 1268 1314 illi
1303 1283 1403 1315 non

72 1356 369 1420 intelligunt,
406 1356 448 1403 si
483 1355 683 1422 quando
722 1356 918 1405 Orestes
955 1356 1108 1405 dicat:
1145 1360 1295 1406 Mitte
1328 1375 1406 1406 me

74 1464 104 1493 o
139 1455 210 1506 tu,
247 1465 376 1511 quae
394 1464 495 1494 vna
515 1465 568 1494 es
601 1465 826 1495 mearum
845 1445 1139 1509 furiarum!
1173 1449 1404 1495 Medium

73 1552 153 1584 me
177 1539 482 1599 prebendis,
512 1545 566 1584 vt
605 1539 659 1583 in
702 1554 871 1587 orcum
916 1537 1147 1584 deiiciaes
1193 1535 1238 1583 ei
1277 1535 1406 1584 hanc

73 1625 289 1690 speciem
335 1638 385 1673 vt
429 1625 599 1672 insano
643 1625 896 1674 obuenire.
991 1623 1246 1682 Quaenam
1292 1644 1406 1692 ergo
1443 1638 1473 1685 9

74 1729 147 1764 est
183 1712 455 1764 rhetoricae
489 1712 766 1780 phantasiae
811 1712 918 1764 vis?
968 1713 1192 1764 Fortasse
1229 1730 1276 1765 et
1310 1717 1406 1766 alio

74 1804 340 1869 multiplici
373 1801 525 1852 modo
561 1805 830 1854 orationem
851 1805 1191 1855 vehementem
1212 1822 1258 1855 et
1295 1825 1410 1856 con·-

76 1895 267 1943 citatam
313 1893 500 1953 reddit3
555 1892 643 1943 sed
702 1893 851 1944 mixta
908 1896 1406 1961 argumentationibus

75 1983 334 2033 rhetoricis
369 2001 468 2032 non
503 1981 766 2050 persuadet
784 1986 946 2034 solum
968 1983 1292 2048 auditorihuS‚
1327 2005 1409 2036 ve·

78 2071 422 2122 rumxobedire
459 2063 718 2124 eos'ctiam
755 2071 894 2140 cogit.
965 2071 1100 2132 Dicit
1132 2077 1299 2142 aliquo
1335 2077 1409 2125 lo-

45 2195 50 2199 ·
80 2181 140 2210 co
178 2161 552 2213 Demosthenes:
590 2168 705 2214 Iam
737 2169 782 2213 si
816 2169 926 2230 qui-5
969 2169 1078 2231 ipso
1120 2169 1212 2216 lzoc
1255 2170 1409 2216 horae

78 2259 318 2300 momento
351 2261 466 2302 ante
497 2257 659 2304 locum
689 2258 859 2304 iudicii
902 2260 1166 2305 clamorem
1200 2261 1412 2306 exaudi-

77 2351 156 2389 ret
170 2378 183 2402 ,
218 2351 320 2389 tum
351 2361 467 2391 vero
502 2346 704 2407 quidam
736 2349 1017 2406 nunciaret,
1054 2346 1264 2411 effracto
1299 2365 1413 2396 car*-

79 2449 191 2479 cere
209 2435 402 2494 fugere
447 2437 693 2496 captiuos,
743 2453 883 2484 nemo
928 2453 1018 2483 nec
1056 2438 1277 2498 iuuenis,
1323 2455 1412 2485 nec

77 2539 227 2570 senex
242 2559 254 2580 ,
290 2525 362 2570 ita
394 2538 559 2571 socors
591 2527 710 2573 mihi
741 2528 963 2588 videtur,
1009 2530 1128 2592 quin
1152 2545 1255 2590 pro
1298 2530 1415 2576 viri-

78 2611 170 2660 bus
203 2614 388 2663 auxilio
423 2619 604 2666 currat.
680 2614 786 2667 Sed
824 2620 870 2670 si
911 2620 1021 2683 quis
1056 2635 1140 2667 eos
1173 2635 1207 2665 a
1244 2619 1412 2667 Timo-
