1752 3118
238 249 515 300 LONGINI
550 246 630 287 DE
664 245 838 289 SVBL.
865 244 1041 286 SECT.
1071 246 1178 288 VIII.
1203 247 1274 293 IX.
1360 261 1413 302 27

86 367 224 435 quod
242 365 478 430 sequitur,
502 361 659 425 idque
679 359 837 407 multo
855 357 1037 406 maius:
1074 360 1244 422 Atque
1266 363 1415 410 etiam

76 459 413 522 perfecissent.
505 450 764 498 Praeterea
810 449 1051 499 orationes
1098 446 1414 509 laudatoriae‚

87 546 385 607 omninoque
422 559 520 602 eae,
557 558 684 605 quae
720 555 945 590 ornatum
981 553 1029 588 et
1062 552 1213 586 artem
1249 553 1417 586 osten-

86 648 211 695 tant,
247 631 404 680 omnis
439 630 626 695 generis
661 631 1008 680 sublimitatem
1044 628 1283 694 capiunt,
1339 643 1417 677 et-

85 723 220 771 iamsi
253 723 549 787 plerumque
596 719 792 770 adfectu
840 720 1184 769 destituuntur.
1267 717 1419 767 Vnde

85 814 165 873 fit,
201 826 252 860 vt
286 826 500 859 oratores
527 811 854 883 'vehementes
887 828 988 858 non
1024 808 1174 873 magis
1209 807 1272 856 ad
1307 809 1420 857 lau-

88 901 310 951 dandum
344 901 443 966 apti
477 901 596 962 sint,
643 920 791 966 quam
826 899 1061 948 laudandi
1097 897 1418 948 studiosiores

87 992 150 1040 ad
186 972 616 1040 con'amouendum.
674 992 766 1039 Sin
803 991 1044 1040 Caecilius
1081 990 1282 1038 omnino
1314 989 1419 1037 ‹du-

87 1082 277 1140 bitauit,
313 1080 558 1130 adfectum
593 1083 756 1131 valere
790 1062 854 1130 ad
886 1079 1252 1141 sublimitatem,
1288 1099 1422 1129 eum-

88 1188 186 1236 que
229 1169 344 1218 ideo
389 1170 741 1234 praetermisit,
786 1168 936 1216 falsus
985 1183 1070 1218 est.
1176 1169 1423 1234 Equidem

90 1260 219 1308 enim
262 1258 472 1308 fidenter
519 1261 781 1319 affirmem,
829 1258 964 1305 nulla
1011 1276 1086 1320 re,
1132 1277 1282 1324 quam
1327 1259 1422 1307 ad-

88 1351 221 1399 fectu
257 1367 512 1415 generoso,
543 1368 711 1415 veoque
746 1350 861 1397 loco
892 1367 987 1397 -suo
1023 1364 1283 1415 vsurpato,
1332 1369 1423 1398 su-

89 1439 368 1487 blimiorem
415 1440 523 1488 fieri
571 1440 867 1489 orationem:
930 1457 1033 1488 eam
1080 1440 1209 1488 enim
1252 1441 1422 1490 furore

91 1529 310 1594 quodam
346 1542 392 1577 et
427 1528 599 1577 diuino
635 1530 813 1595 spiritu
848 1530 1025 1593 adflat,
1071 1544 1119 1579 et
1155 1532 1292 1579 velut
1327 1531 1425 1581 ad·-

91 1620 213 1667 flatis
248 1618 456 1668 similem
493 1617 670 1670 reddit.

591 1840 810 1889 SECT.
848 1842 936 1890 IX.

93 1953 207 2026 Sed
272 1995 383 2025 cum
449 1976 670 2042 primum
739 1977 895 2039 illud,
965 1977 1168 2026 felicitas
1222 1980 1422 2043 ingenii,

93 2083 261 2131 magna
294 2067 439 2115 facile
477 2068 827 2132 concipientis,
875 2067 1156 2134 principem
1204 2071 1424 2120 omnium

94 2157 261 2205 locum
307 2170 494 2216 teneat,
554 2158 697 2206 etiam
740 2160 793 2206 in
846 2158 945 2208 hoc
993 2177 1170 2223 genere
1215 2161 1422 2223 animus,

95 2263 393 2311 quamquam
428 2261 586 2296 totum
630 2249 729 2297 hoc
774 2248 908 2298 dono
954 2251 1117 2315 potius
1164 2251 1423 2316 accipitur,

97 2354 245 2401 quam
281 2335 441 2385 studio
479 2353 807 2405 comparatur,
843 2356 1077 2405 quantum
1103 2340 1212 2388 ficri
1247 2356 1422 2406 potest,

95 2424 159 2472 ad
193 2425 578 2488 magnitudinem
612 2428 814 2478 alendus
852 2445 950 2492 cst,
983 2446 1034 2479 vt
1068 2431 1208 2479 velut
1255 2433 1427 2495 graui-

98 2514 191 2562 dus
227 2533 417 2579 semper
451 2517 512 2565 sit
547 2536 780 2582 generoso
816 2524 975 2570 sensu.
1069 2520 1197 2581 Sed,
1248 2521 1426 2575 dixerit

99 2604 297 2669 aliquis,
334 2623 547 2670 quonam
580 2608 768 2658 modo?
828 2610 934 2660 Iam
968 2611 1066 2660 alio
1102 2612 1217 2660 loco
1256 2610 1425 2674 docui,
