1758 3162
0 2721 2 2744 l

497 315 899 364 EDITORIS.
1190 277 1193 279 ·
1243 340 1350 372 xvn

30 453 257 521 praefecti
296 451 624 501 bibliothecae
647 450 1042 507 -Laurentianae,'
1093 469 1350 521 excerptas.

28 545 118 593 His
150 524 455 592 accesserunt
483 541 706 590 vberiora
740 543 822 589 illa
850 558 877 588 e
902 540 1045 589 codd.
1073 542 1231 592 tribus
1246 547 1379 595 Va-v
1436 587 1439 590 ,

29 634 199 682 ticanis
236 631 600 695 diligentissime
632 648 744 678 cum
769 644 902 680 textu
924 631 1186 682 Pearciano
1209 638 1355 685 colla-

28 725 100 772 tis.
168 723 362 771 Horum
385 720 615 768 lectiones
641 719 737 768 iam
758 720 925 770 Tollio
954 722 1146 771 miserat
1166 725 1357 775 Zacca>-

30 813 192 878 gnius,
249 810 335 860 sed
370 809 507 860 valde
541 828 758 870 mancas,
817 811 1000 860 scilicet
1035 830 1110 861 eas
1144 828 1354 878 tantum,

31 920 153 968 quae
178 902 274 968 ipsi
297 901 433 950 visae'
447 914 579 949 erant
599 901 831 950 notabiles
847 920 862 948 ι
891 903 992 967 ipse
1020 905 1146 952 enim
1166 904 1360 972 Longi..

28 1011 147 1061 num
176 991 321 1041 edere
346 990 651 1061 cogitauerat.
725 991 864 1050 Quae
886 1011 1000 1058 ergo
1026 995 1187 1044 ieiuna
1205 997 1261 1045 Z.
1287 999 1361 1047 illi

29 1082 244 1145 miserat,
281 1099 334 1130 ea
352 1081 498 1147 plena
508 1081 657 1129 nobis
677 1082 828 1139 misit,
863 1083 1091 1139 excitatus
1110 1103 1136 1132 a
1157 1086 1365 1151 Weige-

28 1173 96 1221 lio
108 1208 122 1228 ,
166 1186 332 1220 acutus
353 1171 530 1218 harum
549 1187 712 1218 rerum
729 1171 875 1220 iudex
889 1210 902 1230 ,
937 1177 1087 1221 Hier.
1106 1179 1367 1238 Amatc'us,'

29 1262 82 1309 in
110 1260 338 1310 biblioth.
361 1259 598 1309 Vaticana
627 1279 655 1308 a
681 1261 876 1309 Graecis
900 1260 1177 1312 scribundis
1207 1268 1364 1315 ecbi-

29 1352 301 1400 bliothecae
349 1350 601 1398 Chisianae
637 1352 925 1415 praefectus.
998 1354 1152 1402 Cuius
1187 1370 1237 1404 vt
1272 1375 1362 1406 nos

29 1443 203 1490 merito
250 1440 584 1506 praedicamus
628 1442 909 1505 praestitum
944 1444 1087 1491 nobis
1109 1446 1372 1503 *officium,=

30 1534 95 1580 ita
132 1533 339 1580 lectorc‘s
368 1530 628 1579 nobiscum
659 1529 1024 1580 admirabuntur
1047 1534 1295 1596 ingenium
1318 1552 1366 1585 et

33 1622 331 1680 doctrinam,
365 1619 581 1685 perlecta
605 1619 708 1666 eius
732 1619 1054 1683 disputatione
1080 1621 1140 1671 de
1164 1640 1365 1684 auctore

31 1711 146 1760 libri
166 1715 229 1758 H.
251 1713 323 1768 Y„
361 1709 505 1775 quam
526 1709 576 1756 in
601 1710 762 1758 fronte
784 1708 1261 1760 animaduersionum
1282 1729 1368 1781 ty*

31 1801 106 1867 pis
129 1800 336 1866 exprimi
355 1800 649 1848 curauimus.

137 1891 332 1940 Codicis
368 1889 681 1937 Ambrosiani
714 1890 949 1938 lectiones
981 1891 1240 1959 plerasque
1271 1895 1367 1944 iam

35 1981 262 2030 Pearcius
283 1995 329 2029 et
350 1980 522 2028 Morus
539 1980 594 2027 in
614 1979 885 2028 subsidium
904 1999 1208 2031 vocauerant.
1241 1984 1368 2033 Nam

34 2073 255 2136 vulgatae
277 2085 387 2119 sunt
407 2071 458 2118 in
478 2071 606 2119 libro
628 2070 941 2127 Academico,
962 2073 1047 2138 qui
1067 2074 1367 2124 inscribitur:

36 2165 197 2210 Henr.
261 2164 564 2210 Leonarclas
635 2164 993 2223 Schurzfleisclz
1013 2200 1026 2221 ‚
1103 2162 1369 2229 Pbosessor

39 2252 507 2315 IVittenbergensis,
552 2254 884 2314 ingenuarum
915 2256 1099 2301 artium
1132 2253 1372 2303 candida-

36 2344 100 2387 tis
129 2343 430 2404 Dionysiam
461 2344 755 2404 Longinum
780 2346 897 2406 περὶ
928 2340 1099 2405 ὕψους
1123 2347 1194 2391 ad
1207 2346 1369 2405 fidem

39 2434 259 2478 codicum
273 2450 305 2478 a
318 2435 471 2480 Tollio
495 2434 785 2479 omissorum
797 2435 1086 2481 recensitam
1100 2436 1324 2498 notisque
1342 2454 1371 2482 e

39 2522 229 2567 schedis
258 2521 299 2567 b.
307 2523 497 2582 fratris
521 2522 686 2587 (Conr.
714 2521 844 2569 Sam.
863 2522 1252 2586 Schurzsscisch)
1277 2543 1371 2571 au-

39 2620 168 2658 ctum
181 2620 442 2659 consecrat.
458 2614 536 2660 W
530 2614 847 2675 incubet-gae,
861 2631 969 2675 1711.
979 2618 1030 2663 4.
1052 2613 1212 2662 Aliam
1224 2613 1368 2659 huius

41 2699 197 2749 libelli
210 2700 368 2768 (typis,
386 2688 575 2767 opinor,
590 2702 802 2770 repetiti)
817 2703 1177 2768 inscriptionem
1195 2702 1378 2751 Morus·
