1752 3118
317 321 386 353 cn
533 300 1056 353 DISSERTATIO
1092 300 1191 350 DE
1225 294 1415 349 VI'T‘A

293 426 370 474 in
395 426 494 474 eius
514 424 626 473 Vita
655 443 694 473 c.
707 424 845 473 VIII.
873 444 917 490 p.
940 427 1017 472 44.
1045 423 1323 508 suspicatur,
1359 423 1640 489 singularem

320 492 498 541 librum
525 493 725 554 scripsit.

421 557 792 623 Προβλήματα
837 556 1068 620 Ὁμήρου
1102 559 1197 605 καὶ
1232 556 1425 615 λύσεις,
1467 561 1524 606 ἐν
1558 561 1642 617 θια

316 626 502 685 βλιόις
513 624 582 682 β’.
625 624 810 672 Suidas.
853 624 1122 672 Aristotelis
1147 623 1286 670 etiam
1310 621 1434 672 liber
1456 625 1555 673 hoc
1576 626 1643 672 ti·-

324 693 427 740 tulo
472 690 704 738 laudatur.
775 692 943 739 Postea
978 690 1287 737 Grammatici
1332 693 1543 738 certatim
1591 692 1641 738 in

308 755 603 806 huiusmodi
660 757 962 822 problematis
1018 756 1259 804 soluendis
1314 759 1643 816 elaborarunt,

326 825 439 872 inde
471 822 675 871 λυτικοὲ
708 824 958 890 appellati,
996 822 1056 870 de
1093 824 1265 887 quibus
1294 825 1403 872 vide
1429 821 1647 871 lonsium

329 890 392 939 de
440 890 581 954 Scrip
584 905 616 937 t.
650 890 773 939 Hist.
835 890 956 937 Phil.
1000 889 1059 936 II.
1107 908 1180 950 17.
1206 909 1268 967 Ἰ).
1301 894 1412 940 206.
1459 906 1505 939 et
1532 891 1647 938 Cel.

326 909 695 1004 Valckenarium
737 957 864 1005 Diss.
906 955 968 1004 de
1001 956 1169 1006 Schol.
1204 957 1253 1004 in
1287 957 1485 1005 Homer.
1520 956 1645 1005 ined.

327 1043 375 1089 p.
405 1029 511 1072 145.

437 1090 568 1139 Τίνα
589 1094 733 1154 παρα
751 1093 844 1147 τᾰς
864 1089 1096 1153 ἱστορίας
1124 1091 1176 1138 οἱ
1198 1093 1558 1153 γραμματικοὶ
1583 1091 1649 1147 ὦς

329 1160 568 1219 ἱστορικά
583 1158 912 1223 ἐξηγοῦνται.
969 1156 1154 1205 Suidas.
1204 1157 1421 1204 Similem
1449 1158 1650 1218 librum,

329 1238 449 1271 teste
464 1223 637 1282 Suida,
675 1224 925 1288 scripserat
939 1223 1200 1282 Caecilius,
1235 1224 1352 1272 ille
1340 1242 1467 1288 ipse,
1505 1241 1651 1287 quem

329 1290 576 1354 Longinus
605 1295 670 1338 Π.
704 1293 755 1339 Y.
784 1290 874 1337 sibi
903 1289 1231 1354 castigandum
1267 1291 1486 1355 sumpsit.
1520 1294 1651 1353 ῘΙερὶ

331 1357 434 1404 τῶν
464 1357 594 1404 καθ’
623 1356 854 1421 ἱστορίαν
883 1357 918 1421 ἢ
945 1375 1056 1420 ωαρ
1101 1356 1335 1421 ἱστορίαν
1367 1354 1651 1421 ειρημένων

289 1471 292 1474 ,
331 1429 434 1479 τοῖς
453 1423 672 1487 ρήτορσι.

430 1494 560 1553 Περὶ
584 1491 685 1538 τῶν
714 1490 836 1554 παρ’
865 1489 1069 1555 Ὁμήρῳ
1096 1491 1267 1539 πολλὰ
1287 1489 1652 1557 σημαινουσῶν

329 1553 537 1613 λέξεων,
571 1557 770 1615 βιβλία
794 1556 853 1605 δ’.
888 1558 1072 1605 Suidas.
1571 1587 1576 1591 -
1612 1585 1615 1589 ,

429 1623 683 1671 ''At-nm&
713 1622 897 1678 λέξεων
927 1620 1152 1679 ἐκδόσεις
1179 1624 1249 1681 β’.
1293 1626 1391 1673 εισὶ
1420 1623 1475 1672 δὲ
1510 1626 1652 1672 κατά

330 1697 590 1751 στοιχεῖον.
632 1692 702 1738 Ex
718 1691 827 1738 hoc
833 1691 1014 1738 Lexico
1032 1704 1243 1737 sumtum
1265 1690 1496 1752 videtur,'
1517 1690 1654 1755 quod

329 1755 476 1803 habet
489 1756 691 1804 Photius
711 1756 823 1804 Lex.
833 1756 935 1804 MS.
954 1755 1160 1821 Σὲρφοι.
1189 1759 1239 1804 οἱ·
1254 1761 1507 1835 πτερωτοὶ
1523 1756 1654 1820 μύρ-

329 1842 519 1887 μηκες,
575 1842 668 1880 ους
711 1824 860 1888 ἡμεῖς
903 1823 1147 1903 Νύμφας.
1197 1821 1358 1880 οὕτως
1403 1823 1650 1884 Δίδυμος.

329 1889 560 1947 Κασσιος
589 1890 646 1938 δὲ
679 1893 956 1951 Λογ3ἷνος·
990 1887 1217 1955 Σὲρφος,
1251 1889 1450 1971 πτηνόν
1481 1909 1532 1938 τι
1569 1910 1653 1953 μια

330 1960 459 2020 κρόν
492 1956 700 2005 κώνωπι
734 1959 950 2021 ἐμφερὲς
984 1961 1123 2005 κατα
1160 1960 1218 2004 τὸ
1253 1953 1492 2019 μέγεθος.
1539 1958 1653 2004 item

332 2022 466 2085 quod
483 2023 626 2071 habet
643 2024 919 2072 Eustathius
934 2023 994 2071 ad
1008 2022 1178 2106 Odyss.
1191 2024 1252 2070 X.
1273 2041 1319 2088 p.
1337 2034 1477 2086 19¹9·
1491 2027 1651 2086 τιμην

327 2087 409 2145 δὲ,
451 2094 546 2154 την
580 2095 769 2155 ποινην
803 2089 859 2138 λέ
836 2110 948 2153 em
984 2118 1050 2129 --·
1084 2110 1115 2154 η
1151 2086 1209 2139 δὲ
1243 2089 1463 2153 τοιαύτη
1501 2094 1654 2153 um),

329 2160 424 2204 καὶ
456 2163 604 2239 τῖμος
632 2156 688 2205 λέ
665 2176 840 2241 fys-stae
870 2156 1256 2221 κωμικῶτερον,
1303 2176 1367 2213 ως
1402 2160 1654 2218 Λογχῖνος

329 2220 503 2287 δηλοῖ,
555 2224 741 2286 ὁμοίως
773 2225 862 2288 τῶ,
899 2227 1063 2289 χολη,
1094 2223 1287 2285 χόλος,
1326 2224 1454 2288 ωνή,
1502 2229 1652 2280 ωνος,

329 2293 425 2336 καὶ
453 2296 559 2347 τοῖς
581 2291 850 2347 τοιούτοις.
907 2292 978 2339 Ex
999 2291 1159 2338 indice
1186 2291 1651 2351 Grammaticorum,

324 2356 416 2419 qui
448 2356 623 2405 Suidae
656 2358 834 2405 Lexico
869 2359 1208 2423 piaemittitur,
1244 2372 1430 2422 putatet
1457 2358 1653 2422 aliquis,

329 2421 526 2470 Suidam
549 2425 698 2471 multa
718 2442 774 2472 ex
795 2424 893 2471 hoc
917 2425 1117 2489 Longini
1139 2441 1286 2489 opere
1303 2425 1354 2472 in
1372 2425 1653 2489 farraginem

329 2504 463 2534 suam
497 2491 766 2538 coniecisse.
820 2490 916 2539 Sed
950 2491 1081 2539 hunc
1118 2491 1325 2538 indicem
1361 2510 1388 2538 a
1422 2490 1650 2539 mendace

328 2572 562 2620 mangone
583 2560 854 2606 confectum
874 2576 990 2620 esse,
1014 2576 1167 2623 nuper
1184 2557 1368 2605 idoneis
1387 2558 1652 2605 rationibus

329 2620 669 2672 demonstrauit
694 2626 986 2672 Graecarum
1014 2625 1294 2672 literarum
1282 2644 1331 2671 m
1354 2624 1444 2671 hac
1463 2623 1653 2672 Acade-

327 2689 421 2736 mia
464 2703 640 2754 stator,
681 2691 737 2740 L.
786 2693 838 2740 C.
881 2691 1222 2742 Valckenarius
1267 2692 1318 2739 in
1350 2691 1651 2740 Τὴεοοιίῑθίε
