1758 3162
513 300 946 351 EDITOR-Is-
1114 311 1116 316 ⁷
1249 313 1387 357 xm:

7 473 11 496 ;
54 450 156 496 eius
184 432 354 492 imbuti
385 455 474 486 nos
498 438 720 503 iniquius
744 455 857 485 cum
888 434 974 484 tali
994 436 1100 484 viro
1126 437 1278 501 egisse
1304 455 1374 505 et,

8 574 10 578 .
51 553 101 587 vt
122 537 175 582 fit
190 569 203 594 ,
241 517 478 579 detiactas
504 528 607 575 eius
631 527 835 577 editioni
855 525 1025 574 laudes
1046 526 1166 575 huic
1185 545 1374 580 nostrae

49 610 271 674 voluisse·
286 609 520 683 'affingere
548 631 734 684 putent.
806 616 907 665 Sed
935 617 1021 681 qui
1050 616 1154 666 sine
1187 620 1377 685 cupidi-

5 735 7 774 ς
45 727 140 761 tate
177 727 352 760 cuncta
384 708 750 766 examinauerit‚
794 707 931 755 aliter
960 721 1146 756 statuet.
1215 708 1385 760 Multa

46 803 175 851 enim
198 802 283 848 ille
306 802 415 848 loca
435 800 730 864 scriptorum
747 796 1001 860 congessit,
1028 796 1209 862 quibus
1227 801 1374 865 plane

3 912 7 940 5
44 892 169 939 nihil
199 890 472 939 conficitur.
531 889 615 937 Sic
639 907 698 937 10
709 923 723 947 ,
751 906 790 935 1.
815 887 941 935 nihil
967 902 1091 946 erat,
1128 907 1216 937 cur
1237 893 1376 940 verbi

0 1022 5 1040 2
44 980 397 1047 προςάγεσθαι
433 981 716 1029 afferrentur
754 979 996 1043 exempla,
1053 976 1115 1026 de
1152 980 1292 1028 cuius
1327 983 1376 1031 vi

2 1112 4 1117 .
44 1061 181 1120 nulla
215 1086 314 1120 erat
344 1069 611 1118 dubitatio:
649 1068 712 1117 de
750 1067 964 1117 lectione
1003 1064 1032 1115 ὃ
1062 1070 1162 1130 μὲν
1203 1072 1280 1119 vel
1314 1075 1375 1120 τὸ

0 1167 4 1211 ξ
43 1164 144 1224 μὲν
180 1176 270 1210 etc.
307 1160 468 1225 potius
505 1158 840 1224 quaerendum
876 1172 989 1226 erat.
1055 1156 1251 1207 Ibidem
1279 1178 1374 1226 pro

0 1271 3 1280 ,
45 1255 143 1316 τήν
177 1251 369 1315 ἀρετήν
405 1248 599 1313 scripsit
633 1245 836 1312 ταύτην
873 1249 971 1312 τήν
1002 1245 1194 1311 ἀρετήν
1208 1268 1228 1308 ,·
1273 1249 1374 1297 aliis

44 1359 158 1389 sane
192 1339 569 1405 praeeuntibus3
626 1336 862 1385 hactenus
895 1330 1000 1384 non'
1034 1336 1372 1401 reprehendo:

44 1430 131 1478 sed
154 1447 255 1495 quo
282 1428 488 1476 consilio
524 1428 694 1476 locum
714 1415 945 1492 Dionysii
968 1424 1077 1474 Hal.
1099 1427 1150 1474 in
1178 1428 1371 1478 scholio

46 1517 255 1568 adiecit?
276 1537 336 1566 an
355 1504 405 1565 vt
424 1516 719 1574 ostenderet,
739 1514 944 1578 ταύτην
959 1532 1238 1582 possecum
1258 1508 1375 1583 ⁶34²&-

44 1613 143 1674 τήν
170 1607 401 1670 coniungi
412 1605 438 1650 ἱ)
455 1604 660 1650 -Mirum
684 1601 921 1666 profecto.
989 1602 1235 1671 Deinceps
1267 1610 1303 1673 ᾗ.
1328 1614 1375 1657 4.

44 1697 305 1748 mediocris
326 1712 441 1743 sane
462 1707 533 1741 est
555 1690 927 1756 intelligentiae,
947 1692 1116 1742 videre
1129 1730 1143 1756 ,
1163 1697 1263 1758 μὲν
1280 1716 1373 1763 pro

44 1790 238 1852 vulgato
262 1788 372 1851 μήν
393 1783 602 1832 ridicule
627 1780 826 1831 defendi
849 1782 963 1831 loco
994 1782 1056 1834 D.
1083 1784 1375 1852 Chrysosto-

44 1879 125 1927 mi.
179 1875 292 1924 Non
312 1874 500 1939 singula
516 1874 716 1923 memini
738 1875 875 1931 loca,
908 1871 992 1919 vbi
1015 1872 1088 1921 vir
1114 1874 1288 1925 doctus
1311 1879 1374 1926 si-

43 1967 153 2017 mili·
174 1965 326 2014 modo
356 1964 581 2030 impegit:
617 1963 705 2013 sed
730 1966 938 2014 lectores
966 1980 1115 2028 rogo,
1151 1981 1202 2015 vt
1225 1986 1373 2017 suum

45 2057 282 2106 iudicium
304 2056 590 2121 sequantur,
612 2073 776 2122 neque
799 2054 995 2119 copiose
1015 2054 1246 2106 instructa
1268 2059 1371 2106 eius

50 2147 373 2212 disputatione
410 2163 461 2194 se
505 2146 555 2192 in
591 2144 963 2194 admirationem
999 2146 1155 2211 abripi
1196 2148 1371 2197 sinant.
1424 2199 1426 2201 ,

49 2236 198 2283 Aliud
225 2254 376 2301 genus
404 2249 476 2284 est
507 2254 755 2299 errorum,
803 2254 916 2283 cum
939 2235 1011 2284 vir
1038 2235 1212 2286 doctus
1241 2239 1373 2287 simi-

48 2325 260 2374 litudine
295 2325 505 2392 quadam
542 2327 806 2393 eloquendi
845 2326 1079 2392 deceptus
1120 2315 1373 2378 auctorem

0 2414 1 2433 ³
50 2417 166 2463 alios
195 2418 450 2481 scriptores
476 2417 595 2465 dicit
619 2418 862 2466 imitatum
887 2434 1005 2466 esse.
1074 2418 1370 2485 Exemplum

48 2506 284 2553 hahemus
308 2507 394 2567 56,
425 2527 461 2556 1.
479 2508 567 2557 -vbi
589 2509 702 2572 (sub
726 2505 863 2572 ὅμως
886 2506 1075 2566 πάντες
1100 2512 1210 2571 etc.)
1230 2511 1289 2557 ab
1311 2528 1369 2558 eo

50 2598 99 2643 in
131 2600 224 2644 καὶ
250 2598 590 2659 θαυμάζεται
617 2600 724 2647 vult
748 2617 1023 2664 expressum
1049 2618 1150 2648 esse
1179 2600 1369 2647 Plutar-

53 2686 223 2750 chum3
259 2690 394 2754 quasi
420 2706 519 2736 non
550 2689 738 2752 vulgari
768 2690 816 2735 in
853 2707 1077 2738 sermone
1112 2694 1204 2736 καὶ
1235 2707 1370 2739 vsur-
