1752 3118
353 335 363 340 -
418 289 490 330 SE
506 280 727 328 c'rloN.
759 285 888 326 xvn.
915 285 956 340 ς.
982 298 1023 327 αι
1296 290 1375 344 337

56 405 291 446 mirabilem
327 401 654 442 emendationem
697 398 843 437 suadet
876 395 1104 440 Wakefield
1139 399 1239 439 silv.
1271 402 1379 442 chit.

56 462 100 502 P.
122 463 151 501 1.
185 464 326 514 p.'109
352 473 382 497 s.
411 458 537 505 „Non
567 455 853 502 infeliciterf‘
888 454 1040 506 inquit,
1075 454 1377 502 „Ruhnkenius

56 541 111 549 .-
136 508 553 569 παρακαλυφθεῗσα’.·
580 524 654 548 nec
678 510 767 547 Τοιι
774 509 863 560 pius
879 532 934 539 —
952 512 1300 561 παραληφθεῖσα
1322 535 1377 543 —-

55 573 137 611 nisi
157 572 266 624 quod
286 570 389 609 haec
411 579 495 604 vox
519 565 761 617 metaphoris
778 593 788 612 ,
819 576 893 615 per
920 578 1019 616 quas
1050 572 1163 604 totus
1187 567 1379 617 procedit

59 628 200 675 locus,
229 626 362 663 minus
381 621 614 660 conueniat.
644 620 792 658 Videat
816 620 969 667 lector,
997 633 1049 657 an
1068 628 1209 659 nostra
1231 634 1377 659 emen-

56 682 167 721 datio
186 680 239 718 sit
261 677 531 729 vndequaque
554 682 649 727 apta
661 684 686 724 ,·
703 682 744 712 et
767 675 1069 726 elegantissimo
1086 677 1293 727 scriptore
1311 676 1380 714 di-

55 751 146 789 gna.
205 737 326 786 Lege:
354 755 410 766 --
430 731 990 773 ΠΑΡΕΚΛΕῙΦΘΕΙΣΛ
1017 754 1072 761 -
1098 730 1379 771 FVRTIVAM

55 789 290 831 ECLlPSlN
310 788 449 844 passa.
506 788 756 826 Ad·solarem
771 788 937 838 eclipsin
967 785 1118 825 alludit
1140 786 1285 825 rhetor
1303 787 1379 825 lit-

55 845 336 885 teratissimus.
376 843 479 882 ·Hoc
499 856 576 895 per
597 855 639 880 se
659 848 862 879 monstrat
879 855 964 880 vox
981 840 1221 882 ὑποδέδυκε.
1274 841 1379 883 ’.Εκ-

54 905 272 942 asmona·
313 899 516 940 δύνονταε
555 898 732 951 Hesych.
762 921 817 928 -—
846 897 906 936 Ita
934 897 979 935 in
1010 898 1150 936 statim
1169 910 1280 950 seqq.
1309 913 1380 938 so..

56 960 133 997 lem
165 960 354 996 orientem
384 955 571 1006 respicit,
620 961 662 993 et
693 953 830 991 verbis
859 952 1074 1004 exquisitis
1103 966 1193 1001 rem
1225 954 1381 1006 pingit:

44 1009 210 1065 ’Ὠσπερ
235 1015 310 1051 καὶ
342 1009 538 1065 τάμυδροὲ
567 1025 683 1060 φ....
723 1015 1074 1063 περιαυγουμενα.
1128 1008 1181 1047 Et
1209 1011 1253 1046 in
1280 1016 1387 1063 sect..¹

61 1069 124 1107 15.
144 1068 195 1106 ad
212 1068 390 1106 heliacon
409 1072 528 1117 (quos
548 1072 700 1104 vocant
718 1065 1063 1102 Astronomorum
1083 1063 1176 1113 filii)
1205 1066 1380 1105 siderum

59 1129 246 1162 ‹iz-casus:
265 1115 353 1162 ’.Ωι
373 1119 422 1161 τό
435 1118 740 1175 πραγματικόν
759 1118 1033 1171 ἐγκρύπτεται
1054 1121 1380 1162 ΠΕΡῙΛΑΜ-

58 1178 383 1219 ΠΟΜΕΝΟΝ.
399 1181 429 1200 “
484 1177 625 1226 Inepta
643 1175 833 1227 profecto
853 1182 915 1213 est
937 1174 1052 1222 haec,
1073 1188 1197 1227 quam
1218 1176 1280 1214 W.
1300 1183 1390 1216 vo-'

57 1241 144 1282 cat,
174 1232 421 1271 emendatio.
477 1230 738 1282 Metaphoras
773 1230 913 1268 eadem
943 1229 1068 1281 dere
1087 1231 1315 1282 eodemque
1334 1231 1381 1270 in

55 1289 150 1327 loco
173 1289 311 1340 plures
332 1285 538 1337 Longinus
553 1286 704 1337 probat
725 1289 766 1323 et
790 1280 970 1324 adhibet.
994 1285 1078 1339 (Cf.
1096 1286 1162 1331 32,
1187 1286 1240 1339 ι.)
1267 1285 1380 1324 Hac-

55 1350 176 1383 tenus
205 1342 312 1382 nihil
344 1348 425 1390 est,
463 1341 575 1393 quod
607 1340 868 1379 Wakefieldii
906 1341 1134 1380 sententiae
1166 1348 1383 1394 repugnet.

57 1398 236 1437 Grauius
268 1404 330 1436 est
351 1398 420 1446 id,
457 1397 569 1448 quod
598 1396 800 1435 furtiuum
835 1409 1024 1436 ncmpsm
1052 1397 1221 1449 premit.
1278 1397 1382 1444 Quis

57 1453 208 1493 rhetor
224 1466 312 1491 non
335 1460 473 1491 mente
498 1458 642 1504 captus
661 1458 772 1490 tecte
799 1458 842 1491 et
861 1452 1013 1491 callide
1030 1459 1217 1504 agentem
1237 1459 1381 1492 orato-

58 1510 117 1548 ris
139 1508 343 1547 rationem
364 1522 457 1546 cum
481 1510 560 1556 sole
589 1522 671 1545 non
703 1508 915 1547 obscurato
943 1508 1185 1560 comparet?
1217 1514 1258 1547 et
1274 1522 1382 1560 quo-

58 1565 183 1603 modo
203 1563 358 1615 figurae
380 1563 573 1602 tractatio
591 1569 728 1615 potest
748 1564 899 1617 furtim
925 1564 1011 1615 pati
1033 1564 1202 1615 eclipsin
1216 1563 1236 1601 ’Β
1262 1565 1382 1602 Anne

58 1620 174 1658 claro
193 1619 375 1665 lumine,
405 1619 467 1657 vti
485 1619 572 1667 sol,
607 1619 951 1670 exsplendescere
975 1619 1126 1670 vbique
1158 1619 1305 1668 debet,
1334 1626 1401 1658 vta

59 1674 225 1713 nonnisi
248 1674 396 1712 furtim
426 1686 468 1711 se
497 1674 743 1712 submouere
770 1681 841 1712 aut
876 1670 1012 1713 radios
1039 1687 1129 1712 suos
1157 1674 1384 1713 obscurare

58 1729 219 1782 possit?
252 1727 348 1767 ‘Imo
377 1728 468 1769 τότε
501 1728 679 1793 ἄριστον
710 1728 828 1770 δοκεῖ
851 1727 900 1769 τό
927 1731 1100 1784 σχῆμα,
1141 1725 1244 1771 ὅταν
1276 1729 1384 1771 αὐτό

60 1783 183 1825 τοῦτο
209 1784 492 1842 διαλανθάνῃ,
521 1783 586 1825 bu
607 1784 753 1839 σχῆμά
781 1790 891 1825 ἔστω
919 1793 961 1824 et
979 1788 1023 1824 in
1044 1787 1153 1837 seqq.
1183 1785 1234 1825 zo*
1259 1789 1384 1841 μέγε-

58 1842 142 1884 θος
159 1840 297 1891 potius
320 1848 586 1892 comparatur
609 1854 705 1879 cum
727 1842 825 1890 sole,
848 1842 964 1881 cuius
981 1841 1138 1881 lumine
1154 1839 1307 1893 figura,
1337 1847 1385 1880 vt

60 1893 253 1950 ἀμυδρόν
274 1899 450 1950 φέγγος,
483 1897 742 1935 obscuretur.

149 1982 236 2023 τοῖς
254 1978 437 2034 κάλλεσι]
466 1980 616 2032 Vtique
635 1979 863 2019 audiendus
889 1987 948 2019 est
978 1980 1161 2030 Tollius,
1193 1981 1265 2032 qui
1293 1980 1383 2021 ποῖ-

3 2042 6 2043 ’
60 2033 160 2074 ’θεσι
180 2035 262 2086 legi
290 2037 393 2075 vult.
448 2035 553 2074 Nam
591 2036 620 2085 ἡ
648 2034 722 2076 τοῦ
749 2040 1003 2090 πανουργεῖν
1035 2038 1155 2087 τέχνη
1184 2043 1244 2074 est
1275 2036 1387 2076 illud

60 2089 200 2140 ipsum
222 2089 398 2141 κάλλος,
423 2104 558 2143 neque
593 2091 696 2129 adeo
725 2092 855 2130 latere
890 2099 1047 2144 potest,
1086 2093 1250 2130 obtecta
1278 2091 1386 2132 καλ-

60 2147 174 2192 λεσι,
204 2146 276 2183 sed
302 2147 457 2199 tegitur
491 2146 626 2187 πάθει
652 2153 694 2185 et
723 2143 838 2201 ὕψει.
872 2151 1041 2188 'Monvs.
1126 2147 1386 2197 „Praecessit

62 2201 258 2248 statim‚“
297 2202 430 2254 inquit
461 2202 645 2252 Tollius,
691 2203 774 2252 „td
807 2205 946 2244 τοίνυν
978 2199 1090 2252 ὕψος
1133 2206 1208 2243 καὶ
1238 2218 1282 2241 π.
1307 2210 1384 2242 etc.

63 2255 182 2294 Vnde
203 2256 331 2308 igitur
349 2257 418 2296 hic
441 2257 620 2301 κάλλοςὶ)
638 2263 661 2283 “
702 2258 843 2298 Recte.
902 2258 1111 2299 Firmatur
1144 2257 1191 2299 τό
1222 2257 1387 2299 πάθεσι

65 2309 190 2349 etiarn
219 2313 355 2351 verbis
386 2313 426 2367 §.
446 2315 484 2354 3„
516 2313 681 2355 Οὐκοῦν
710 2319 785 2354 καὶ
812 2315 892 2357 τῶν
919 2318 954 2356 λ.
984 2315 1037 2355 τοὶ
1070 2313 1194 2362 πάθη
1220 2317 1295 2354 καὶ
1333 2312 1401 2355 τοὶ

61 2362 155 2421 ὕψη
177 2373 254 2405 etc.
285 2368 401 2407 Nihil
418 2375 515 2421 ergo
535 2370 722 2410 dubitaui
741 2384 860 2410 suum
881 2371 922 2410 h.
941 2371 969 2409 l.
988 2367 1384 2421 reddereLongino.
1448 2408 1451 2409 γ

150 2450 308 2502 Σχεδόν
328 2451 429 2505 γάρ]
457 2451 586 2504 Saepe
620 2453 722 2492 mihi
754 2456 994 2508 scrupulum
1022 2454 1171 2492 iniecit
1200 2460 1242 2491 et
1274 2452 1386 2505 apud

63 2504 177 2545 hunc
198 2514 238 2545 et
266 2508 376 2558 apud
400 2508 502 2546 alios
524 2521 619 2547 vsus
638 2509 867 2560 particulae
888 2509 1044 2562 σχεδόν.
1100 2509 1252 2548 Passim
1275 2507 1385 2560 apud

62 2561 168 2599 alios
193 2563 280 2601 visa
304 2563 406 2602 mihi
436 2568 497 2601 est
523 2563 634 2602 idem
665 2577 783 2614 esse,
817 2568 925 2618 quod
958 2565 1136 2613 αὐτίκα,
1167 2577 1384 2614 argumen-

66 2624 152 2656 tum
169 2622 213 2657 in
228 2627 393 2671 promta
414 2627 484 2658 est.
541 2619 663 2670 Apud
681 2619 914 2674 Longinum
935 2629 1047 2660 certe
1066 2622 1192 2671 magis
1214 2626 1274 2657 est
1288 2620 1384 2671 pla-

67 2686 127 2723 ne,
156 2689 336 2728 prorsus,
364 2689 485 2729 quam
501 2690 655 2729 paene,
677 2691 814 2731 prope.
844 2677 905 2717 Cf.
933 2680 995 2727 18,
1016 2689 1054 2716 2.
1075 2683 1117 2714 et
1137 2676 1205 2723 38,
1227 2674 1263 2712 2.
1293 2672 1386 2711 Ali·
