1752 3118
259 232 536 279 LONGl-NI
570 232 654 271 DE
694 231 867 279 szL.
898 231 1073 272 SECT.
1100 234 1230 273 xxll.
1351 237 1408 287 87,

79 359 278 412 santur,
319 362 373 396 vt
414 364 514 394 non
557 344 815 408 meditato,
849 343 936 393 sed
969 346 1234 393 necessario
1277 345 1397 392 haec

80 438 253 487 dixisse
286 435 517 486 videatur.
619 435 780 483 Multo
839 450 999 483 autem
1055 434 1202 497 magis
1258 432 1394 479 Thu·
1429 446 1460 491 5

78 527 276 594 cydides
342 543 425 584 ea,
446 540 463 551 “
492 543 616 591 quae
673 539 840 573 natura
910 524 1076 589 vtique
1138 522 1394 570 coniuncta

75 630 122 665 et
208 615 542 680 inseparabilia
626 630 738 663 sunt
759 651 774 677 ,
874 627 1033 662 tamen
1110 610 1392 678 hyperbatis

73 706 277 753 scienter
347 703 559 752 diuellit.
686 702 1053 753 Demosthenes
1106 719 1222 751 vero
1289 717 1389 749 non

71 793 271 859 quidem
349 812 504 860 aeque
573 793 724 842 durus
792 808 887 854 est3
965 791 1052 841 sed
1115 806 1274 840 tamen
1336 789 1388 839 iu

67 882 166 930 hoc
259 900 434 947 genere
519 883 959 949 frequentissimus,
1050 899 1140 931 nee
1228 881 1388 928 solum

68 973 228 1021 verbis
296 973 363 1020 ita
423 972 720 1021 traiiciendIS
782 973 1132 1021 vehementiam
1184 969 1385 1029 indicat,

69 1076 115 1110 et
170 1078 226 1109 ex
279 1075 497 1126 tempore
555 1061 758 1111 dicentis
813 1062 1027 1128 speciem
1070 1061 1254 1120 habet‚'
1300 1058 1387 1107 sed

67 1149 311 1198 auditores
369 1152 512 1199 etiam
564 1151 616 1197 in
661 1152 938 1216 periculum
985 1153 1245 1214 longorum
1286 1148 1386 1214 hy-

63 1240 375 1304 perbatorum
427 1257 595 1287 secum
649 1241 787 1306 rapit.
868 1241 1026 1305 Saepe
1086 1239 1239 1298 enim,
1274 1254 1387 1283 sus-
1420 1236 1454 1287 4

64 1346 212 1393 pensa
263 1329 562 1391 -sentcutia,
648 1348 796 1395 quam
865 1343 1113 1395 coeperat,
1180 1328 1383 1391 aliisque

64 1436 210 1482 super
265 1417 355 1464 alia
403 1418 538 1466 velut
596 1418 751 1467 alieno
811 1433 857 1467 et
911 1416 1224 1466 incommodo
1269 1417 1382 1463 l'oeo

66 1506 326 1555 interiectis
387 1520 433 1555 et
505 1507 800 1556 extrinsecus
864 1508 1032 1568 iliatis,
1098 1506 1183 1555 vbi
1211 1494 1384 1554 Vandi-

65 1596 248 1643 toribus
304 1609 488 1643 metum
548 1596 739 1659 iniecit,
805 1615 868 1645 ne
924 1611 1028 1644 tota.
1088 1597 1238 1650 oratio
1298 1594 1383 1641 di-

64 1684 163 1732 labi
224 1682 485 1743 videmur,
563 1702 746 1751 eosque
816 1704 934 1734 cum.
1005 1700 1193 1736 oratore
1243 1685 1382 1736 anxie

65 1773 335 1840 periclitari
405 1773 587 1836 coegit,
641 1775 888 1840 inopinato
958 1775 1037 1838 id,
1096 1775 1233 1841 quod
1297 1774 1383 1822 diu

68 1875 420 1927 exspectaram,
493 1863 649 1912 multo
719 1879 832 1930 post:
898 1866 950 1912 in
1026 1866 1130 1915 sine
1194 1882 1383 1933 oppor-

56 1943 183 2000 'tune
237 1949 400 2012 addit,
461 1969 642 2018 eosque
695 1957 958 2004 temeritate
1017 1954 1275 2022 hyperbati
1338 1968 1384 2001 et

69 2040 129 2088 ad
201 2041 388 2105 lapsum
444 2040 751 2105 procliuitate
813 2046 968 2099 multo
1035 2046 1152 2111 plus.
1209 2045 1385 2092 obstu-

68 2130 254 2195 pefacit.
377 2130 630 2196 Exemplis
658 2149 782 2181 vero-
813 2134 1149 2184 enumerandis
1184 2148 1384 2200 propter

70 2218 430 2269 multitudinem
464 2220 809 2287 supersedebo.
