1752 3118
150 649 152 652 ’
207 639 649 698 RECENSIO
704 639 1241 699 EDITIONVM

547 805 716 845 LIBRI
746 808 805 846 11.
845 807 888 854 Y.

4 1118 6 1120 v
53 1036 250 1132 Prima
269 1085 483 1134 omnium
503 1083 652 1134 editio
673 1100 743 1134 est
759 1082 1101 1133 FRANCISCI
1121 1083 1374 1134 ROBOR-

3 1155 5 1158 ⁴
53 1151 1092 1216 TELL1‚Basileae,1554.4.1nsc1iptio
1116 1153 1185 1200 sic
1204 1152 1372 1203 habet·

5 1252 8 1272 -,
49 1219 373 1277 »Διονυσίου
407 1219 670 1280 Λογγίνου
697 1218 911 1284 ῥήτοοος
936 1221 1053 1282 περὶ
1087 1216 1259 1279 ὕψους
1286 1223 1374 1277 βι-

6 1288 7 1294 ’
52 1288 223 1346 βλίον.
290 1286 516 1348 Dionysii
532 1286 740 1349 Longini
764 1285 967 1333 rhetoris
991 1286 1373 1349 praestantissimi

52 1355 194 1412 liber,
221 1351 281 1400 de
304 1352 493 1416 grandi,
517 1354 619 1402 siue
642 1354 701 1400 de
721 1353 917 1400 sublimi
940 1352 1167 1400 orationis
1189 1370 1372 1417 genere.

50 1421 98 1468 N
102 1439 195 1468 unc
215 1421 420 1486 primum
447 1439 473 1468 a
494 1425 759 1469 Francisco
778 1421 1061 1468 Robortello
1079 1419 1335 1467 Vtinensi
1323 1440 1373 1470 m

4 1508 6 1533 z
52 1487 211 1535 lucem
245 1486 426 1548 editus,
471 1487 780 1551 eiusdemque
812 1486 1214 1534 Annotationibus
1243 1487 1375 1536 Lati-

2 1584 5 1598 1
50 1555 126 1602 nis
149 1554 202 1601 in
231 1554 440 1616 margine
474 1554 729 1618 appositis,
765 1570 886 1617 quae
915 1554 1058 1600 instar
1081 1569 1376 1603 commenta-

2 1641 4 1663 :
50 1622 234 1669 riorum
253 1635 390 1682 sunt,
429 1621 708 1668 illustratus.
743 1638 854 1668 nam
877 1636 933 1668 ex
953 1621 1009 1666 iis
1027 1619 1282 1668 methodus
1303 1635 1376 1670 to-

50 1700 97 1735 ta
129 1687 269 1749 libri,
305 1699 352 1734 et
381 1686 503 1734 ordo
532 1688 898 1750 quaestionum,
934 1684 996 1733 de
1030 1687 1158 1750 quib.
1195 1688 1373 1751 agitur,

52 1754 308 1831 omnisque
341 1753 459 1802 ratio
486 1755 902 1819 plaeceptionum,
936 1767 984 1801 et
1003 1753 1091 1801 alia
1115 1755 1266 1801 multa
1289 1772 1376 1802 co-

0 1824 3 1882 ζ
49 1822 217 1886 gnosci
248 1834 463 1886 possunt.
527 1820 740 1868 Basileae
761 1856 775 1882 ,
818 1837 905 1885 pet
937 1820 1168 1868 Ioannem
1198 1820 1376 1886 Opori-

49 1906 179 1936 num.
193 1890 225 1916 “
269 1887 379 1951 Pag.
400 1890 444 1935 5.
467 1887 588 1935 liber
610 1886 854 1935 dedicatus
881 1901 952 1934 est
969 1885 1109 1937 Card.
1129 1887 1374 1937 Rannutio

97 1954 383 2002 .Farnesio.
466 1954 717 2002 Dedicatio
751 1953 1008 2019 lapidariae
1041 1955 1373 2019 inscriptionis

47 2024 254 2071 formam
278 2021 449 2082 habet3
486 2021 569 2069 cui
603 2022 951 2085 subscriptum:
998 2058 1029 2084 „
1045 2021 1249 2078 Patami,
1283 2037 1380 2071 no·'

49 2091 128 2138 nis
141 2088 567 2153 Aug.MDL1H1.“
598 2088 806 2136 Litterae
826 2089 876 2135 in
901 2101 1126 2136 contextu
1143 2089 1227 2136 Gr.
1238 2106 1377 2138 vsur-

14 2178 25 2183 ·
52 2170 186 2220 patae
219 2154 495 2220 grandiores
520 2170 631 2203 sunt
652 2157 826 2221 paulo,
860 2173 1004 2220 quam
1028 2157 1079 2203 in
1105 2157 1196 2203 hac
1216 2170 1378 2203 nostra

53 2221 292 2283 editione,
328 2236 377 2270 et
394 2224 504 2269 satis
527 2221 723 2288 quidem
745 2221 921 2269 nitidae
936 2259 951 2282 ,
987 2239 1085 2269 non
1102 2236 1257 2270 tamen
1274 2224 1378 2270 ele-

56 2303 228 2352 gantes.
297 2289 435 2347 Quae
467 2290 517 2336 in
553 2290 764 2352 margine
795 2290 972 2353 scripta
994 2302 1131 2347 sunt,
1179 2290 1378 2341 fortasse

52 2357 115 2403 ab
137 2355 404 2420 Oporino
391 2375 442 2403 1n
466 2356 578 2404 libri
603 2357 913 2421 inscriptione
937 2355 1079 2403 laude
1103 2357 1188 2404 illa
1206 2373 1379 2404 ornan·

51 2438 149 2483 tur,
185 2440 280 2470 non
306 2423 394 2469 ab
381 2441 486 2488 ipso
503 2424 813 2472 Robortello:
851 2425 1071 2486 exiguum
1094 2438 1221 2472 certe
1240 2441 1377 2473 vsum

0 2532 1 2540 ,
52 2489 243 2537 hahent.
276 2490 352 2537 De
372 2489 701 2539 emendatione
722 2490 835 2538 libri
852 2491 975 2539 nihil
993 2490 1152 2539 editor
1170 2490 1375 2551 monuit,

56 2571 243 2621 praeter
285 2556 404 2603 haec
447 2557 507 2604 ad
539 2558 810 2620 1o,2.in
856 2558 1066 2623 maigine
1116 2556 1375 2622 adscripta:

56 2624 219 2684 „Erat
246 2624 602 2688 corruptissima
625 2625 745 2676 haec
769 2626 991 2690 Sapphus
1014 2623 1147 2674 ode
1134 2644 1185 2672 1n
1208 2642 1379 2672 manu-

55 2691 235 2756 scripto
270 2692 410 2755 libro,
478 2691 581 2743 Nos
607 2709 722 2743 vero
758 2692 867 2742 ita“
910 2696 983 2759 (vt
1004 2709 1181 2756 nempe·
1204 2691 1254 2739 in
1279 2691 1379 2755 ipsa
