1752 3118
510 280 726 332 LIBRI
757 284 821 330 Π.
857 283 909 341 Υ.
1098 331 1101 334 ,
1259 301 1380 353 erx

59 410 174 459 dum
193 408 476 474 deprauatus
499 421 583 465 est,
608 420 658 455 vt
667 405 967 454 Varr.Lectt.
989 400 1257 454 ostendunt.
1281 408 1379 458 Sed

56 477 264 526 monitos
301 476 504 521 lectores
539 473 644 521 vult
669 472 910 534 AmatiuS,
947 470 1081 536 quod
1115 473 1165 519 in
1198 476 1379 538 praefa-

19 600 22 604 ,
56 545 186 593 tione
207 541 372 602 retuli,
408 558 468 588 ne
493 557 605 587 eum
628 552 963 601 contemnant,
997 538 1116 604 quia.
1131 540 1376 588 nonnullis

56 612 107 659 in
129 609 250 656 locis
281 625 390 656 vera
422 607 626 655 auctoris
653 607 795 654 verba
819 621 899 654 aut
925 623 1090 654 eornm
1111 607 1277 652 saltem
1302 624 1380 656 ve..

57 676 192 741 stigia
213 675 267 736 ‚in
291 692 348 722 eo
371 672 809 740 deprehenduntur.
878 673 958 719 Sic
986 676 1071 733 15,
1096 677 1138 720 4.
1165 673 1376 733 ἀγαθὸν

54 760 146 807 pro
180 742 363 806 ἁγαθή
393 742 432 789 si
464 741 570 806 quis
597 740 779 789 auctori
804 738 1004 787 reddere
1026 739 1165 802 velit,
1202 757 1278 787 me
1296 740 1379 788 ha-

53 810 191 857 bebit
242 809 586 856 assentientem.
654 807 758 856 Nec
801 810 860 855 τὸ
911 811 963 856 Ν
1003 808 1376 871 ἐφελκυστικόν

55 894 195 941 saepe
220 890 327 923 ante
358 887 666 923 consonantes
690 874 900 939 positum
921 874 1117 922 fortasse
1140 874 1381 939 negligen-

58 942 188 991 dum.
259 942 354 1000 Cf.,
390 942 636 1006 si¹placet,
672 940 796 988 Add.
822 940 882 988 ad
905 946 960 998 4,
983 957 1027 989 2.

140 1009 359 1068 Tertius,
394 1022 668 1056 numeratus
687 1008 737 1055 in
761 1009 892 1056 catal.
915 1026 992 1056 no.
1008 1010 1151 1069 1417,
1175 1022 1244 1056 est
1264 1007 1379 1057 item

54 1093 379 1142 papyraceus,
417 1091 490 1138 et,
527 1091 576 1125 vt
611 1075 751 1124 Zacc.
789 1075 920 1136 dicit,
956 1077 1171 1123 melioris
1205 1084 1377 1137 notae,

54 1145 153 1197 hoc
181 1157 272 1206 est,
318 1157 367 1191 vt
398 1160 486 1206 ego
523 1143 830 1207 interpretor,
878 1141 1036 1188 minus
1069 1141 1235 1190 vitiose
1266 1141 1381 1189 scri-

54 1225 163 1275 ptus
178 1247 196 1270 ,
231 1208 315 1256 sed
336 1224 545 1257 ceterum
559 1246 576 1269 ,
622 1211 664 1256 si
683 1226 820 1258 vsum
843 1207 1060 1255 criticum
1079 1222 1378 1273 spectemus,

52 1280 249 1325 fortasse
272 1277 422 1339 priori
445 1275 678 1325 deterior.²

141 1343 228 1391 CO
238 1343 370 1390 DEX
390 1342 866 1393 AMBROSIANVS
886 1344 978 1391 iam
1000 1341 1163 1392 seculo
1186 1359 1262 1404 17.
1276 1342 1379 1389 col-

53 1412 178 1459 latus
204 1425 304 1458 erat
323 1411 373 1458 in
395 1428 502 1459 vsus
522 1411 734 1475 priuatos
760 1429 785 1458 a
808 1416 980 1475 Marq.
1009 1413 1187 1461 Gudio..
1256 1407 1304 1456 Is
1324 1410 1377 1458 in

56 1477 273 1541 exemplo
295 1477 518 1525 editionis
539 1477 841 1526 Manutianae
864 1479 911 1525 in
933 1479 1080 1542 prima
1101 1477 1268 1540 pagina
1287 1477 1376 1524 sub

54 1543 213 1592 indice
258 1543 377 1592 haec
419 1545 630 1609 scripsit:
681 1545 919 1605 „Contuli
962 1543 1223 1592 Mediolani
1267 1561 1379 1591 cum

54 1624 179 1659 msto
204 1610 436 1658 Biblioth.
465 1611 822 1660 Ambrosianae.
892 1611 1058 1659 Codex
1082 1611 1283 1676 scriptus
1308 1624 1378 1658 est

54 1679 106 1726 in
139 1678 301 1725 charta
332 1679 492 1725 homb.
514 1696 663 1725 manu
689 1678 968 1738 recentiori,
1004 1682 1054 1725 in
1089 1678 1169 1724 fol.
1200 1678 1287 1724 litt.
1309 1681 1376 1733 ‹N-

53 1764 131 1793 no.
155 1748 261 1807 196.
297 1744 449 1809 Marq.
471 1745 717 1793 Gudius.“
786 1745 849 1793 Et
878 1762 988 1793 sane
1018 1743 1234 1808 diligenti
1262 1743 1380 1799 scri-f

53 1826 192 1877 ptura
235 1811 417 1859 notauit
455 1814 716 1877 permulta,
753 1830 872 1876 quae
903 1813 988 1860 illo
1023 1812 1070 1860 in
1104 1810 1274 1858 codice
1301 1809 1384 1857 di-·

54 1896 187 1926 versa
218 1879 438 1942 leguntur
471 1897 497 1926 a
527 1880 837 1940 Manutianis,
883 1893 928 1927 et
959 1880 1121 1944 plura,
1159 1896 1301 1943 quam
1329 1878 1380 1925 in

55 1946 182 1994 libro
205 1945 589 1994 Schurzsseischii
613 1964 727 1995 mox
753 1945 1176 1996 commemorando
1204 1945 1379 2010 passim

55 2014 374 2078 proferuntur.
420 2013 532 2061 Hoc
551 2013 828 2063 Manutiano
857 2015 1100 2078 exemplo,
1133 2011 1380 2078 quodiam

51 2080 108 2126 'in
130 2079 353 2127 biblioth.
376 2080 639 2128 Dresdensi
659 2096 947 2141 asseramur,
984 2098 1061 2128 me
1082 2098 1223 2129 vsum
1253 2096 1377 2136 esse,

55 2146 148 2194 iam
168 2147 217 2193 in
242 2147 527 2211 praefatione
552 2147 661 2197 dixi.
707 2148 806 2197 Sed
828 2149 886 2196 de
906 2162 1053 2196 aetate
1078 2162 1125 2195 et
1147 2146 1379 2211 scriptura

57 2212 202 2261 huius
221 2213 429 2275 codicis,
478 2229 526 2262 et
548 2213 607 2262 de
631 2216 763 2276 aliis,
799 2234 922 2281 quae
941 2216 987 2262 in
1010 2232 1067 2262 eo
1090 2213 1274 2280 possint
1293 2213 1379 2260 ob-

60 2280 241 2327 seruari
260 2281 336 2329 vel
357 2280 582 2330 studiosis
610 2284 740 2331 vtilia
763 2285 841 2333 vel
862 2283 1060 2331 curiosis
1091 2295 1246 2344 grata,
1278 2279 1378 2327 Gu-

60 2346 168 2404 dius
197 2347 320 2394 nihil
355 2364 558 2412 vsquam
586 2349 862 2416 adscripsit,
897 2349 986 2396 nisi
1016 2347 1223 2414 quaerad
1252 2361 1379 2394 certa

58 2413 166 2460 loca
194 2415 490 2477 pertinerent.
536 2418 716 2475 Pariter
736 2432 782 2466 et
799 2419 1158 2480 Schurzsleisch
1183 2417 1232 2462 in
1251 2414 1377 2462 libro

57 2479 351 2530 Academico
374 2482 625 2531 Wittemb.
665 2485 970 2547 1711.›edit0
1005 2491 1176 2542 (totam
1206 2481 1380 2528 inscri-

58 2549 275 2612 ptionem
301 2549 350 2595 in
375 2552 520 2612 praef.
543 2550 680 2616 dedi)
704 2554 830 2600 hanc
850 2553 899 2600 in
920 2566 1098 2617 partem
1124 2549 1244 2605 nihil
1267 2565 1380 2612 pro-

58 2615 176 2675 fert,
215 2633 355 2679 qnam
391 2617 579 2664 fratrem
610 2621 874 2684 monuisse,
911 2619 1176 2682 „codicem
1202 2615 1380 2666 biblio-

44 2680 225 2731 niceae
250 2683 592 2734 Ambrosianae
620 2686 671 2734 in
703 2687 863 2736 charta
890 2686 1182 2752 bombycina
1212 2699 1379 2746 mauu,

965 2754 999 2801 d
