<?xml version="1.0" encoding="UTF-8"?>
<!DOCTYPE html PUBLIC "-//W3C//DTD XHTML 1.0 Transitional//EN"
    "http://www.w3.org/TR/xhtml1/DTD/xhtml1-transitional.dtd">
<html xmlns="http://www.w3.org/1999/xhtml" xml:lang="en" lang="en">
 <head>
  <title>
</title>
<meta http-equiv="Content-Type" content="text/html;charset=utf-8" />
  <meta name='ocr-system' content='tesseract 3.04.00' />
  <meta name='ocr-capabilities' content='ocr_page ocr_carea ocr_par ocr_line ocrx_word'/>
</head>
<body>
  <div class='ocr_page' id='page_1' title='image "./dionysiilonginid00long_0676.png"; bbox 0 0 1718 3122; ppageno 0'>
   <div class='ocr_carea' id='block_1_1' title="bbox 254 255 1274 307">
    <p class='ocr_par' dir='ltr' id='par_1_1' title="bbox 254 255 1274 307">
     <span class='ocr_line' id='line_1_1' title="bbox 254 255 1274 307; baseline -0.003 0"><span class='ocrx_word' id='word_1_1' title='bbox 254 268 336 307; x_wconf 80' lang='lat'>502</span> <span class='ocrx_word' id='word_1_2' title='bbox 552 261 776 304; x_wconf 74' lang='lat' dir='ltr'><strong>NOTAE</strong></span> <span class='ocrx_word' id='word_1_3' title='bbox 802 256 885 302; x_wconf 76' lang='lat' dir='ltr'>AD</span> <span class='ocrx_word' id='word_1_4' title='bbox 911 255 992 303; x_wconf 81' lang='lat' dir='ltr'>DE</span> <span class='ocrx_word' id='word_1_5' title='bbox 1022 262 1050 303; x_wconf 87' lang='lat' dir='ltr'>S</span> <span class='ocrx_word' id='word_1_6' title='bbox 1073 256 1274 306; x_wconf 71' lang='lat' dir='ltr'><strong>vBLlM&#39;</strong></span> 
     </span>
    </p>
   </div>
   <div class='ocr_carea' id='block_1_2' title="bbox 187 375 1589 1928">
    <p class='ocr_par' dir='ltr' id='par_1_2' title="bbox 187 375 1589 1928">
     <span class='ocr_line' id='line_1_2' title="bbox 262 375 1575 429; baseline -0.001 -11"><span class='ocrx_word' id='word_1_7' title='bbox 262 376 507 429; x_wconf 77' lang='grc' dir='ltr'><em>Κράτιστον</em></span> <span class='ocrx_word' id='word_1_8' title='bbox 523 376 597 425; x_wconf 79' lang='grc' dir='ltr'>εἴη</span> <span class='ocrx_word' id='word_1_9' title='bbox 654 375 842 429; x_wconf 66' lang='grc' dir='ltr'>ΤΙιιιὸγᾶ.</span> <span class='ocrx_word' id='word_1_10' title='bbox 866 376 934 418; x_wconf 87' lang='lat' dir='ltr'>IV.</span> <span class='ocrx_word' id='word_1_11' title='bbox 954 377 1021 416; x_wconf 81' lang='lat'>46.</span> <span class='ocrx_word' id='word_1_12' title='bbox 1041 380 1129 418; x_wconf 89' lang='grc' dir='ltr'>ΚΡ</span> <span class='ocrx_word' id='word_1_13' title='bbox 1135 378 1417 419; x_wconf 76' lang='grc' dir='ltr'><em>4ΤΙΣΤΟΝ</em></span> <span class='ocrx_word' id='word_1_14' title='bbox 1430 378 1575 423; x_wconf 80' lang='grc' dir='ltr'><em>αὐτοῖς</em></span> 
     </span>
     <span class='ocr_line' id='line_1_3' title="bbox 187 431 1575 499; baseline 0 -25"><span class='ocrx_word' id='word_1_15' title='bbox 187 449 191 454; x_wconf 88' lang='grc'><em>·</em></span> <span class='ocrx_word' id='word_1_16' title='bbox 263 436 334 474; x_wconf 86' lang='grc' dir='ltr'>ΕΙ</span> <span class='ocrx_word' id='word_1_17' title='bbox 335 435 378 472; x_wconf 86' lang='grc' dir='ltr'><strong><em>Η</em></strong></span> <span class='ocrx_word' id='word_1_18' title='bbox 393 433 446 475; x_wconf 73' lang='grc' dir='ltr'>ὡς</span> <span class='ocrx_word' id='word_1_19' title='bbox 463 447 642 483; x_wconf 84' lang='grc' dir='ltr'><em>ταχιστα</em></span> <span class='ocrx_word' id='word_1_20' title='bbox 664 431 923 499; x_wconf 75' lang='grc' dir='ltr'><em>ἀποδράναι.</em></span> <span class='ocrx_word' id='word_1_21' title='bbox 965 434 1174 472; x_wconf 80' lang='lat' dir='ltr'>Plutarch.</span> <span class='ocrx_word' id='word_1_22' title='bbox 1199 434 1242 471; x_wconf 88' lang='lat' dir='ltr'>in</span> <span class='ocrx_word' id='word_1_23' title='bbox 1262 434 1467 472; x_wconf 83' lang='lat' dir='ltr'>Eumene:</span> <span class='ocrx_word' id='word_1_24' title='bbox 1485 433 1575 474; x_wconf 79' lang='grc' dir='ltr'>Ἐλ-</span> 
     </span>
     <span class='ocr_line' id='line_1_4' title="bbox 264 485 1577 544; baseline 0.001 -15"><span class='ocrx_word' id='word_1_25' title='bbox 264 486 356 529; x_wconf 84' lang='grc' dir='ltr'><em>θων</em></span> <span class='ocrx_word' id='word_1_26' title='bbox 369 485 454 528; x_wconf 80' lang='grc' dir='ltr'>ὐπό</span> <span class='ocrx_word' id='word_1_27' title='bbox 479 487 605 541; x_wconf 72' lang='grc' dir='ltr'><em>ὀργῆς</em></span> <span class='ocrx_word' id='word_1_28' title='bbox 625 487 731 539; x_wconf 79' lang='grc' dir='ltr'><em>πρός</em></span> <span class='ocrx_word' id='word_1_29' title='bbox 753 488 825 529; x_wconf 80' lang='grc' dir='ltr'>τόν</span> <span class='ocrx_word' id='word_1_30' title='bbox 839 487 1106 542; x_wconf 73' lang='grc' dir='ltr'><em>Ἁλέξανδρον</em></span> <span class='ocrx_word' id='word_1_31' title='bbox 1127 489 1149 529; x_wconf 89' lang='lat' dir='ltr'>o‘</span> <span class='ocrx_word' id='word_1_32' title='bbox 1170 491 1209 528; x_wconf 82' lang='grc' dir='ltr'><em>Γ</em></span> <span class='ocrx_word' id='word_1_33' title='bbox 1207 489 1359 544; x_wconf 76' lang='grc' dir='ltr'>υιιένης</span> <span class='ocrx_word' id='word_1_34' title='bbox 1378 489 1479 543; x_wconf 79' lang='grc' dir='ltr'><em>ἐβόα</em></span> <span class='ocrx_word' id='word_1_35' title='bbox 1498 504 1577 544; x_wconf 79' lang='grc' dir='ltr'><em>με·-</em></span> 
     </span>
     <span class='ocr_line' id='line_1_5' title="bbox 263 543 1579 609; baseline -0.001 -24"><span class='ocrx_word' id='word_1_36' title='bbox 263 560 316 585; x_wconf 91' lang='grc' dir='ltr'>τα</span> <span class='ocrx_word' id='word_1_37' title='bbox 337 546 571 609; x_wconf 81' lang='grc' dir='ltr'><em>Μέντορος,</em></span> <span class='ocrx_word' id='word_1_38' title='bbox 582 559 636 587; x_wconf 78' lang='grc' dir='ltr'>ως</span> <span class='ocrx_word' id='word_1_39' title='bbox 653 543 789 585; x_wconf 78' lang='grc' dir='ltr'><em>αὐλεῖν</em></span> <span class='ocrx_word' id='word_1_40' title='bbox 810 547 919 584; x_wconf 86' lang='lat' dir='ltr'>EIH</span> <span class='ocrx_word' id='word_1_41' title='bbox 938 546 1062 585; x_wconf 85' lang='lat' dir='ltr'>KPA</span> <span class='ocrx_word' id='word_1_42' title='bbox 1069 544 1141 583; x_wconf 77' lang='lat' dir='ltr'>TI</span> <span class='ocrx_word' id='word_1_43' title='bbox 1134 545 1334 586; x_wconf 66' lang='grc' dir='ltr'>ς’ΤΟΝ</span> <span class='ocrx_word' id='word_1_44' title='bbox 1307 562 1332 594; x_wconf 89' lang='grc' dir='ltr'><em>η</em></span> <span class='ocrx_word' id='word_1_45' title='bbox 1354 545 1579 598; x_wconf 77' lang='grc' dir='ltr'><em>τραγῳδεῖν</em></span> 
     </span>
     <span class='ocr_line' id='line_1_6' title="bbox 263 595 1579 652; baseline -0.002 -12"><span class='ocrx_word' id='word_1_46' title='bbox 263 598 318 640; x_wconf 82' lang='grc' dir='ltr'><em>τοὶ</em></span> <span class='ocrx_word' id='word_1_47' title='bbox 333 595 445 640; x_wconf 84' lang='grc' dir='ltr'><em>ὅπλα</em></span> <span class='ocrx_word' id='word_1_48' title='bbox 463 599 680 651; x_wconf 76' lang='grc' dir='ltr'><strong><em>ῥίψαντας</em></strong></span> <span class='ocrx_word' id='word_1_49' title='bbox 699 603 743 639; x_wconf 77' lang='grc' dir='ltr'>ἐκ</span> <span class='ocrx_word' id='word_1_50' title='bbox 761 598 840 641; x_wconf 79' lang='grc' dir='ltr'>τῶν</span> <span class='ocrx_word' id='word_1_51' title='bbox 850 601 1014 652; x_wconf 79' lang='grc' dir='ltr'><em>χειρῶν.</em></span> <span class='ocrx_word' id='word_1_52' title='bbox 1072 601 1267 639; x_wconf 75' lang='lat' dir='ltr'>Alistides</span> <span class='ocrx_word' id='word_1_53' title='bbox 1283 600 1422 639; x_wconf 87' lang='lat' dir='ltr'><strong>V01.1.</strong></span> <span class='ocrx_word' id='word_1_54' title='bbox 1451 615 1491 652; x_wconf 92' lang='lat' dir='ltr'>p.</span> <span class='ocrx_word' id='word_1_55' title='bbox 1514 612 1579 650; x_wconf 91' lang='lat'>7⁰·</span> 
     </span>
     <span class='ocr_line' id='line_1_7' title="bbox 263 655 1581 711; baseline 0 -15"><span class='ocrx_word' id='word_1_56' title='bbox 263 656 631 702; x_wconf 68' lang='lat' dir='ltr'><em>KPATIZTON</em></span> <span class='ocrx_word' id='word_1_57' title='bbox 658 655 780 696; x_wconf 82' lang='grc' dir='ltr'>ΔΕ</span> <span class='ocrx_word' id='word_1_58' title='bbox 757 672 812 696; x_wconf 86' lang='grc' dir='ltr'>αν</span> <span class='ocrx_word' id='word_1_59' title='bbox 837 658 952 695; x_wconf 90' lang='lat' dir='ltr'>EIH</span> <span class='ocrx_word' id='word_1_60' title='bbox 970 655 1065 700; x_wconf 79' lang='grc' dir='ltr'>τούς</span> <span class='ocrx_word' id='word_1_61' title='bbox 1091 655 1163 707; x_wconf 68' lang='grc' dir='ltr'>διοξ</span> <span class='ocrx_word' id='word_1_62' title='bbox 1189 659 1359 711; x_wconf 74' lang='grc' dir='ltr'><em>μέσου</em></span> <span class='ocrx_word' id='word_1_63' title='bbox 1347 655 1581 710; x_wconf 80' lang='grc' dir='ltr'><em>προγόνους</em></span> 
     </span>
     <span class='ocr_line' id='line_1_8' title="bbox 265 709 1582 775; baseline -0.001 -24"><span class='ocrx_word' id='word_1_64' title='bbox 265 709 341 751; x_wconf 77' lang='grc' dir='ltr'><em>τοῦ</em></span> <span class='ocrx_word' id='word_1_65' title='bbox 358 709 498 750; x_wconf 83' lang='grc' dir='ltr'><em>πάντα</em></span> <span class='ocrx_word' id='word_1_66' title='bbox 519 709 697 760; x_wconf 70' lang='grc' dir='ltr'><em>ἀρίστου</em></span> <span class='ocrx_word' id='word_1_67' title='bbox 715 710 871 755; x_wconf 77' lang='grc' dir='ltr'><em>παιδός</em></span> <span class='ocrx_word' id='word_1_68' title='bbox 888 710 1076 762; x_wconf 75' lang='grc' dir='ltr'><em>ἀφέντα,</em></span> <span class='ocrx_word' id='word_1_69' title='bbox 1107 711 1186 752; x_wconf 83' lang='grc' dir='ltr'>τῶν</span> <span class='ocrx_word' id='word_1_70' title='bbox 1208 727 1251 766; x_wconf 75' lang='grc' dir='ltr'>γε</span> <span class='ocrx_word' id='word_1_71' title='bbox 1270 717 1311 753; x_wconf 76' lang='grc' dir='ltr'><em>ἐν</em></span> <span class='ocrx_word' id='word_1_72' title='bbox 1331 711 1582 775; x_wconf 74' lang='grc' dir='ltr'><em>ὀφθαλμοῖς</em></span> 
     </span>
     <span class='ocr_line' id='line_1_9' title="bbox 266 765 1580 820; baseline -0.002 -13"><span class='ocrx_word' id='word_1_73' title='bbox 266 765 425 818; x_wconf 78' lang='grc' dir='ltr'><em>τρόπον</em></span> <span class='ocrx_word' id='word_1_74' title='bbox 442 765 539 806; x_wconf 79' lang='grc' dir='ltr'><em>τινοὲ</em></span> <span class='ocrx_word' id='word_1_75' title='bbox 557 765 686 806; x_wconf 87' lang='grc' dir='ltr'><em>ὄντων</em></span> <span class='ocrx_word' id='word_1_76' title='bbox 744 766 957 814; x_wconf 77' lang='grc' dir='ltr'><em>νησθῆναι</em></span> <span class='ocrx_word' id='word_1_77' title='bbox 978 769 1159 820; x_wconf 78' lang='grc' dir='ltr'><em>βραχέα.</em></span> <span class='ocrx_word' id='word_1_78' title='bbox 1216 770 1355 816; x_wconf 83' lang='lat' dir='ltr'><strong>Quare</strong></span> <span class='ocrx_word' id='word_1_79' title='bbox 1373 768 1485 806; x_wconf 85' lang='lat' dir='ltr'>haud</span> <span class='ocrx_word' id='word_1_80' title='bbox 1510 767 1580 804; x_wconf 85' lang='lat' dir='ltr'>in.-</span> 
     </span>
     <span class='ocr_line' id='line_1_10' title="bbox 267 783 1582 875; baseline 0.001 -15"><span class='ocrx_word' id='word_1_81' title='bbox 267 822 481 869; x_wconf 85' lang='lat' dir='ltr'><strong>consulte,</strong></span> <span class='ocrx_word' id='word_1_82' title='bbox 511 821 681 872; x_wconf 81' lang='lat' dir='ltr'>opinor,</span> <span class='ocrx_word' id='word_1_83' title='bbox 709 783 817 859; x_wconf 50' lang='lat' dir='ltr'>{iane</span> <span class='ocrx_word' id='word_1_84' title='bbox 841 821 1008 872; x_wconf 84' lang='lat' dir='ltr'>phrasin</span> <span class='ocrx_word' id='word_1_85' title='bbox 1031 836 1124 860; x_wconf 89' lang='lat' dir='ltr'>cum</span> <span class='ocrx_word' id='word_1_86' title='bbox 1147 823 1183 860; x_wconf 89' lang='grc' dir='ltr'><strong>Γ</strong></span> <span class='ocrx_word' id='word_1_87' title='bbox 1185 823 1286 861; x_wconf 86' lang='grc' dir='ltr'>011ιο</span> <span class='ocrx_word' id='word_1_88' title='bbox 1309 822 1491 875; x_wconf 85' lang='lat' dir='ltr'>Longino</span> <span class='ocrx_word' id='word_1_89' title='bbox 1510 836 1582 860; x_wconf 89' lang='lat' dir='ltr'>re-</span> 
     </span>
     <span class='ocr_line' id='line_1_11' title="bbox 263 876 1584 925; baseline 0.001 -10"><span class='ocrx_word' id='word_1_90' title='bbox 263 876 726 915; x_wconf 74' lang='lat' dir='ltr'>stituimus.sov1›1vs</span> <span class='ocrx_word' id='word_1_91' title='bbox 781 876 875 914; x_wconf 71' lang='lat' dir='ltr'>Non</span> <span class='ocrx_word' id='word_1_92' title='bbox 904 876 1160 925; x_wconf 82' lang='lat' dir='ltr'><strong>inconsulte,</strong></span> <span class='ocrx_word' id='word_1_93' title='bbox 1201 878 1271 914; x_wconf 91' lang='lat' dir='ltr'>sed</span> <span class='ocrx_word' id='word_1_94' title='bbox 1302 885 1461 916; x_wconf 80' lang='lat' dir='ltr'>temere</span> <span class='ocrx_word' id='word_1_95' title='bbox 1483 878 1584 916; x_wconf 81' lang='lat' dir='ltr'>talia.</span> 
     </span>
     <span class='ocr_line' id='line_1_12' title="bbox 266 930 1583 985; baseline 0 -15"><span class='ocrx_word' id='word_1_96' title='bbox 266 932 358 984; x_wconf 82' lang='lat' dir='ltr'>quis</span> <span class='ocrx_word' id='word_1_97' title='bbox 379 930 585 979; x_wconf 79' lang='lat' dir='ltr'>effundat,</span> <span class='ocrx_word' id='word_1_98' title='bbox 605 932 725 982; x_wconf 83' lang='lat' dir='ltr'>quale</span> <span class='ocrx_word' id='word_1_99' title='bbox 747 938 810 970; x_wconf 87' lang='lat' dir='ltr'>est</span> <span class='ocrx_word' id='word_1_100' title='bbox 832 931 937 969; x_wconf 88' lang='lat' dir='ltr'>illud</span> <span class='ocrx_word' id='word_1_101' title='bbox 958 931 1008 969; x_wconf 82' lang='lat' dir='ltr'>de</span> <span class='ocrx_word' id='word_1_102' title='bbox 1029 931 1215 970; x_wconf 77' lang='lat' dir='ltr'>addenda</span> <span class='ocrx_word' id='word_1_103' title='bbox 1236 933 1442 985; x_wconf 77' lang='lat' dir='ltr'>particula</span> <span class='ocrx_word' id='word_1_104' title='bbox 1453 934 1583 973; x_wconf 86' lang='grc' dir='ltr'><em>ΚΑΙ.</em></span> 
     </span>
     <span class='ocr_line' id='line_1_13' title="bbox 266 984 1583 1042; baseline 0.001 -18"><span class='ocrx_word' id='word_1_105' title='bbox 266 986 381 1038; x_wconf 81' lang='lat' dir='ltr'>Apud</span> <span class='ocrx_word' id='word_1_106' title='bbox 399 984 620 1024; x_wconf 82' lang='lat' dir='ltr'>Lucianum</span> <span class='ocrx_word' id='word_1_107' title='bbox 644 987 688 1024; x_wconf 88' lang='lat' dir='ltr'>in</span> <span class='ocrx_word' id='word_1_108' title='bbox 706 987 904 1025; x_wconf 86' lang='lat' dir='ltr'>Encomio</span> <span class='ocrx_word' id='word_1_109' title='bbox 919 986 1204 1025; x_wconf 77' lang='lat' dir='ltr'><strong>Demosthenis</strong></span> <span class='ocrx_word' id='word_1_110' title='bbox 1222 1001 1309 1039; x_wconf 85' lang='lat' dir='ltr'><strong>cap.</strong></span> <span class='ocrx_word' id='word_1_111' title='bbox 1332 1001 1369 1039; x_wconf 73' lang='grc'>9.</span> <span class='ocrx_word' id='word_1_112' title='bbox 1391 988 1583 1042; x_wconf 86' lang='lat' dir='ltr'><strong>(V01.1X.</strong></span> 
     </span>
     <span class='ocr_line' id='line_1_14' title="bbox 265 1041 1586 1094; baseline 0.002 -15"><span class='ocrx_word' id='word_1_113' title='bbox 265 1042 430 1092; x_wconf 76' lang='lat' dir='ltr'>Bipont.</span> <span class='ocrx_word' id='word_1_114' title='bbox 462 1052 502 1092; x_wconf 86' lang='lat' dir='ltr'>p.</span> <span class='ocrx_word' id='word_1_115' title='bbox 528 1041 638 1094; x_wconf 85' lang='lat'><strong>139.)</strong></span> <span class='ocrx_word' id='word_1_116' title='bbox 663 1041 822 1081; x_wconf 86' lang='lat' dir='ltr'>dictum</span> <span class='ocrx_word' id='word_1_117' title='bbox 861 1049 972 1091; x_wconf 86' lang='lat' dir='ltr'>erat,</span> <span class='ocrx_word' id='word_1_118' title='bbox 1007 1041 1161 1093; x_wconf 72' lang='grc' dir='ltr'><em>ασαφῆ</em></span> <span class='ocrx_word' id='word_1_119' title='bbox 1189 1056 1274 1080; x_wconf 88' lang='lat' dir='ltr'>esse</span> <span class='ocrx_word' id='word_1_120' title='bbox 1298 1043 1470 1081; x_wconf 87' lang='lat' dir='ltr'>Homeri</span> <span class='ocrx_word' id='word_1_121' title='bbox 1494 1058 1586 1082; x_wconf 70' lang='grc' dir='ltr'>ποι-</span> 
     </span>
     <span class='ocr_line' id='line_1_15' title="bbox 265 1096 1586 1161; baseline 0.001 -26"><span class='ocrx_word' id='word_1_122' title='bbox 265 1096 387 1151; x_wconf 84' lang='grc' dir='ltr'><em>τρίδα</em></span> <span class='ocrx_word' id='word_1_123' title='bbox 408 1101 483 1135; x_wconf 79' lang='grc' dir='ltr'><em>καὶ</em></span> <span class='ocrx_word' id='word_1_124' title='bbox 504 1099 645 1150; x_wconf 75' lang='grc' dir='ltr'><em>γένος,</em></span> <span class='ocrx_word' id='word_1_125' title='bbox 676 1100 750 1138; x_wconf 81' lang='grc' dir='ltr'><em>καὶ</em></span> <span class='ocrx_word' id='word_1_126' title='bbox 765 1096 938 1151; x_wconf 80' lang='grc' dir='ltr'><em>χρόνον.</em></span> <span class='ocrx_word' id='word_1_127' title='bbox 987 1098 1091 1136; x_wconf 88' lang='lat' dir='ltr'>Tum</span> <span class='ocrx_word' id='word_1_128' title='bbox 1112 1106 1204 1161; x_wconf 65' lang='lat' dir='ltr'><strong>P⁰⁵.t</strong></span> <span class='ocrx_word' id='word_1_129' title='bbox 1220 1099 1420 1137; x_wconf 86' lang='lat' dir='ltr'>nonnulla</span> <span class='ocrx_word' id='word_1_130' title='bbox 1441 1111 1586 1136; x_wconf 76' lang='lat' dir='ltr'>rursus</span> 
     </span>
     <span class='ocr_line' id='line_1_16' title="bbox 267 1147 1586 1218; baseline 0.001 -28"><span class='ocrx_word' id='word_1_131' title='bbox 267 1153 318 1191; x_wconf 83' lang='lat' dir='ltr'>de</span> <span class='ocrx_word' id='word_1_132' title='bbox 348 1151 530 1218; x_wconf 82' lang='grc' dir='ltr'><em>ὀνόματι</em></span> <span class='ocrx_word' id='word_1_133' title='bbox 560 1154 646 1191; x_wconf 88' lang='lat' dir='ltr'>eius</span> <span class='ocrx_word' id='word_1_134' title='bbox 673 1160 715 1206; x_wconf 91' lang='lat' dir='ltr'>(q</span> <span class='ocrx_word' id='word_1_135' title='bbox 717 1154 802 1192; x_wconf 85' lang='lat' dir='ltr'>uod</span> <span class='ocrx_word' id='word_1_136' title='bbox 825 1156 1089 1207; x_wconf 68' lang='lat' dir='ltr'>Melesigenes</span> <span class='ocrx_word' id='word_1_137' title='bbox 1117 1154 1255 1205; x_wconf 87' lang='lat' dir='ltr'>primo</span> <span class='ocrx_word' id='word_1_138' title='bbox 1281 1154 1414 1192; x_wconf 89' lang='lat' dir='ltr'>dictus</span> <span class='ocrx_word' id='word_1_139' title='bbox 1429 1147 1586 1204; x_wconf 85' lang='lat' dir='ltr'>fuerat)</span> 
     </span>
     <span class='ocr_line' id='line_1_17' title="bbox 269 1207 1584 1265; baseline 0.003 -19"><span class='ocrx_word' id='word_1_140' title='bbox 269 1214 311 1246; x_wconf 89' lang='lat' dir='ltr'>et</span> <span class='ocrx_word' id='word_1_141' title='bbox 337 1208 452 1265; x_wconf 74' lang='grc' dir='ltr'><em>τύχῃ.</em></span> <span class='ocrx_word' id='word_1_142' title='bbox 511 1208 570 1248; x_wconf 90' lang='lat' dir='ltr'>lbi</span> <span class='ocrx_word' id='word_1_143' title='bbox 595 1208 659 1246; x_wconf 87' lang='lat' dir='ltr'>his</span> <span class='ocrx_word' id='word_1_144' title='bbox 681 1209 941 1261; x_wconf 82' lang='lat' dir='ltr'>praeciditur</span> <span class='ocrx_word' id='word_1_145' title='bbox 972 1224 1010 1261; x_wconf 84' lang='lat' dir='ltr'>p.</span> <span class='ocrx_word' id='word_1_146' title='bbox 1041 1211 1136 1250; x_wconf 74' lang='lat'>1401</span> <span class='ocrx_word' id='word_1_147' title='bbox 1164 1207 1285 1250; x_wconf 66' lang='lat' dir='ltr'>&gt;ma</span> <span class='ocrx_word' id='word_1_148' title='bbox 1305 1208 1392 1263; x_wconf 74' lang='grc' dir='ltr'><em>μήν</em></span> <span class='ocrx_word' id='word_1_149' title='bbox 1417 1212 1584 1264; x_wconf 75' lang='grc' dir='ltr'><em>βέλτιον</em></span> 
     </span>
     <span class='ocr_line' id='line_1_18' title="bbox 267 1263 1586 1331; baseline -0.002 -27"><span class='ocrx_word' id='word_1_150' title='bbox 267 1266 330 1313; x_wconf 74' lang='grc' dir='ltr'>εἴη</span> <span class='ocrx_word' id='word_1_151' title='bbox 352 1269 427 1304; x_wconf 81' lang='grc' dir='ltr'><em>καὶ</em></span> <span class='ocrx_word' id='word_1_152' title='bbox 446 1263 580 1304; x_wconf 77' lang='grc' dir='ltr'><em>ταῦτα</em></span> <span class='ocrx_word' id='word_1_153' title='bbox 598 1264 671 1312; x_wconf 80' lang='grc' dir='ltr'><em>ἐᾷν</em></span> <span class='ocrx_word' id='word_1_154' title='bbox 693 1269 735 1305; x_wconf 79' lang='grc' dir='ltr'><em>ἐν</em></span> <span class='ocrx_word' id='word_1_155' title='bbox 754 1263 921 1315; x_wconf 70' lang='grc' dir='ltr'><em>ἀσαφεΐ</em></span> <span class='ocrx_word' id='word_1_156' title='bbox 935 1267 1118 1331; x_wconf 79' lang='grc' dir='ltr'><em>κείμενα.</em></span> <span class='ocrx_word' id='word_1_157' title='bbox 1150 1265 1197 1303; x_wconf 90' lang='lat' dir='ltr'>In</span> <span class='ocrx_word' id='word_1_158' title='bbox 1221 1266 1366 1316; x_wconf 86' lang='lat' dir='ltr'>quibus</span> <span class='ocrx_word' id='word_1_159' title='bbox 1385 1265 1476 1317; x_wconf 89' lang='lat' dir='ltr'>quis</span> <span class='ocrx_word' id='word_1_160' title='bbox 1497 1277 1586 1303; x_wconf 88' lang='lat' dir='ltr'>non</span> 
     </span>
     <span class='ocr_line' id='line_1_19' title="bbox 263 1319 1586 1375; baseline 0 -17"><span class='ocrx_word' id='word_1_161' title='bbox 263 1319 392 1369; x_wconf 83' lang='lat' dir='ltr'>videt,</span> <span class='ocrx_word' id='word_1_162' title='bbox 421 1322 542 1360; x_wconf 86' lang='grc' dir='ltr'>ΚΑΙ</span> <span class='ocrx_word' id='word_1_163' title='bbox 553 1320 687 1360; x_wconf 81' lang='grc' dir='ltr'><em>ταῦτα</em></span> <span class='ocrx_word' id='word_1_164' title='bbox 705 1320 860 1358; x_wconf 83' lang='lat' dir='ltr'>referri</span> <span class='ocrx_word' id='word_1_165' title='bbox 879 1320 966 1358; x_wconf 89' lang='lat' dir='ltr'>ad&#39;</span> <span class='ocrx_word' id='word_1_166' title='bbox 949 1319 1090 1375; x_wconf 73' lang='grc' dir='ltr'><em>ὄνομα</em></span> <span class='ocrx_word' id='word_1_167' title='bbox 1111 1327 1153 1358; x_wconf 82' lang='lat' dir='ltr'>et</span> <span class='ocrx_word' id='word_1_168' title='bbox 1175 1319 1313 1371; x_wconf 79' lang='grc' dir='ltr'><em>τύχην,</em></span> <span class='ocrx_word' id='word_1_169' title='bbox 1341 1322 1442 1359; x_wconf 78' lang='lat' dir='ltr'>haec</span> <span class='ocrx_word' id='word_1_170' title='bbox 1461 1335 1485 1374; x_wconf 82' lang='lat' dir='ltr'><em>q</em></span> <span class='ocrx_word' id='word_1_171' title='bbox 1498 1335 1524 1359; x_wconf 82' lang='grc' dir='ltr'>ιι</span> <span class='ocrx_word' id='word_1_172' title='bbox 1538 1335 1586 1358; x_wconf 73' lang='lat' dir='ltr'>o·</span> 
     </span>
     <span class='ocr_line' id='line_1_20' title="bbox 267 1373 1585 1432; baseline 0.001 -19"><span class='ocrx_word' id='word_1_173' title='bbox 267 1390 385 1429; x_wconf 81' lang='lat' dir='ltr'>que,</span> <span class='ocrx_word' id='word_1_174' title='bbox 407 1376 516 1413; x_wconf 79' lang='lat' dir='ltr'>sicut</span> <span class='ocrx_word' id='word_1_175' title='bbox 533 1375 608 1414; x_wconf 83' lang='lat' dir='ltr'>illa</span> <span class='ocrx_word' id='word_1_176' title='bbox 620 1373 840 1431; x_wconf 79' lang='grc' dir='ltr'><em>(πατρίδα,</em></span> <span class='ocrx_word' id='word_1_177' title='bbox 862 1379 981 1427; x_wconf 76' lang='grc' dir='ltr'><em>γένος</em></span> <span class='ocrx_word' id='word_1_178' title='bbox 1000 1383 1040 1414; x_wconf 79' lang='lat' dir='ltr'>et</span> <span class='ocrx_word' id='word_1_179' title='bbox 1056 1375 1248 1432; x_wconf 76' lang='grc' dir='ltr'><em>χρόνον),</em></span> <span class='ocrx_word' id='word_1_180' title='bbox 1269 1380 1310 1416; x_wconf 78' lang='grc' dir='ltr'><em>ἐν</em></span> <span class='ocrx_word' id='word_1_181' title='bbox 1329 1375 1495 1426; x_wconf 82' lang='grc' dir='ltr'><em>ἀσαφεῖ</em></span> <span class='ocrx_word' id='word_1_182' title='bbox 1510 1388 1585 1414; x_wconf 88' lang='lat' dir='ltr'>re-</span> 
     </span>
     <span class='ocr_line' id='line_1_21' title="bbox 264 1423 1585 1483; baseline -0.001 -14"><span class='ocrx_word' id='word_1_183' title='bbox 264 1430 493 1483; x_wconf 82' lang='lat' dir='ltr'>linquenda</span> <span class='ocrx_word' id='word_1_184' title='bbox 507 1430 655 1471; x_wconf 84' lang='lat' dir='ltr'>videri.</span> <span class='ocrx_word' id='word_1_185' title='bbox 716 1431 827 1478; x_wconf 84' lang='lat' dir='ltr'><strong>Quid</strong></span> <span class='ocrx_word' id='word_1_186' title='bbox 861 1431 924 1470; x_wconf 76' lang='lat' dir='ltr'>his</span> <span class='ocrx_word' id='word_1_187' title='bbox 952 1432 1061 1483; x_wconf 84' lang='lat' dir='ltr'>apud</span> <span class='ocrx_word' id='word_1_188' title='bbox 1087 1423 1311 1483; x_wconf 83' lang='lat' dir='ltr'>Longinum</span> <span class='ocrx_word' id='word_1_189' title='bbox 1330 1431 1464 1470; x_wconf 87' lang='lat' dir='ltr'>simile</span> <span class='ocrx_word' id='word_1_190' title='bbox 1489 1430 1585 1469; x_wconf 73' lang='lat' dir='ltr'>est?</span> 
     </span>
     <span class='ocr_line' id='line_1_22' title="bbox 267 1486 1586 1543; baseline 0 -19"><span class='ocrx_word' id='word_1_191' title='bbox 267 1486 480 1532; x_wconf 81' lang='lat' dir='ltr'><strong>Quaenam</strong></span> <span class='ocrx_word' id='word_1_192' title='bbox 518 1494 640 1525; x_wconf 82' lang='lat' dir='ltr'>antea</span> <span class='ocrx_word' id='word_1_193' title='bbox 675 1501 717 1525; x_wconf 91' lang='lat' dir='ltr'>se</span> <span class='ocrx_word' id='word_1_194' title='bbox 758 1490 881 1526; x_wconf 74' lang='lat' dir='ltr'>missa</span> <span class='ocrx_word' id='word_1_195' title='bbox 906 1486 1046 1539; x_wconf 79' lang='lat' dir='ltr'>facere</span> <span class='ocrx_word' id='word_1_196' title='bbox 1074 1486 1197 1543; x_wconf 82' lang='grc' dir='ltr'><em>(ἑᾷν)</em></span> <span class='ocrx_word' id='word_1_197' title='bbox 1236 1487 1365 1535; x_wconf 85' lang='lat' dir='ltr'>dixit,</span> <span class='ocrx_word' id='word_1_198' title='bbox 1404 1494 1451 1526; x_wconf 83' lang='lat' dir='ltr'>vt</span> <span class='ocrx_word' id='word_1_199' title='bbox 1482 1487 1586 1526; x_wconf 75' lang='lat' dir='ltr'>haee</span> 
     </span>
     <span class='ocr_line' id='line_1_23' title="bbox 270 1542 1587 1595; baseline -0.002 -13"><span class='ocrx_word' id='word_1_200' title='bbox 270 1544 516 1595; x_wconf 81' lang='lat' dir='ltr'>QVOQVE</span> <span class='ocrx_word' id='word_1_201' title='bbox 535 1544 674 1595; x_wconf 88' lang='lat' dir='ltr'><em>(KAI</em></span> <span class='ocrx_word' id='word_1_202' title='bbox 694 1543 864 1593; x_wconf 88' lang='grc' dir='ltr'><em>ταυτα),</em></span> <span class='ocrx_word' id='word_1_203' title='bbox 894 1544 998 1581; x_wconf 87' lang='lat' dir='ltr'>sicut</span> <span class='ocrx_word' id='word_1_204' title='bbox 1026 1543 1118 1591; x_wconf 88' lang='lat' dir='ltr'>illa,</span> <span class='ocrx_word' id='word_1_205' title='bbox 1148 1543 1286 1580; x_wconf 83' lang='lat' dir='ltr'>nescio</span> <span class='ocrx_word' id='word_1_206' title='bbox 1311 1557 1428 1594; x_wconf 78' lang='lat' dir='ltr'>quae,</span> <span class='ocrx_word' id='word_1_207' title='bbox 1459 1542 1587 1581; x_wconf 82' lang='lat' dir='ltr'>omit-</span> 
     </span>
     <span class='ocr_line' id='line_1_24' title="bbox 264 1597 1586 1652; baseline -0.001 -17"><span class='ocrx_word' id='word_1_208' title='bbox 264 1597 392 1636; x_wconf 82' lang='lat' dir='ltr'>tenda</span> <span class='ocrx_word' id='word_1_209' title='bbox 416 1611 502 1636; x_wconf 87' lang='lat' dir='ltr'>esse</span> <span class='ocrx_word' id='word_1_210' title='bbox 531 1598 672 1636; x_wconf 86' lang='lat' dir='ltr'>dicere</span> <span class='ocrx_word' id='word_1_211' title='bbox 692 1598 855 1652; x_wconf 77' lang='lat' dir='ltr'>possit?</span> <span class='ocrx_word' id='word_1_212' title='bbox 887 1605 958 1637; x_wconf 86' lang='lat' dir='ltr'>aut</span> <span class='ocrx_word' id='word_1_213' title='bbox 979 1599 1078 1650; x_wconf 86' lang='lat' dir='ltr'>quid</span> <span class='ocrx_word' id='word_1_214' title='bbox 1103 1605 1196 1636; x_wconf 86' lang='lat' dir='ltr'>ante</span> <span class='ocrx_word' id='word_1_215' title='bbox 1218 1597 1586 1645; x_wconf 85' lang='lat' dir='ltr'>commemorauit,</span> 
     </span>
     <span class='ocr_line' id='line_1_25' title="bbox 267 1652 1587 1704; baseline 0 -14"><span class='ocrx_word' id='word_1_216' title='bbox 267 1652 321 1690; x_wconf 86' lang='lat' dir='ltr'>de</span> <span class='ocrx_word' id='word_1_217' title='bbox 355 1667 437 1704; x_wconf 87' lang='lat' dir='ltr'>quo</span> <span class='ocrx_word' id='word_1_218' title='bbox 476 1660 664 1692; x_wconf 83' lang='lat' dir='ltr'>auctores</span> <span class='ocrx_word' id='word_1_219' title='bbox 694 1654 975 1692; x_wconf 79' lang='lat' dir='ltr'>dissentiant?</span> <span class='ocrx_word' id='word_1_220' title='bbox 1011 1654 1266 1692; x_wconf 70' lang='lat' dir='ltr'>rSecundum</span> <span class='ocrx_word' id='word_1_221' title='bbox 1295 1655 1420 1691; x_wconf 87' lang='lat' dir='ltr'>talem</span> <span class='ocrx_word' id='word_1_222' title='bbox 1442 1683 1453 1702; x_wconf 92' lang='lat'><em>,</em></span> <span class='ocrx_word' id='word_1_223' title='bbox 1499 1665 1587 1690; x_wconf 89' lang='lat' dir='ltr'>non</span> 
     </span>
     <span class='ocr_line' id='line_1_26' title="bbox 266 1707 1587 1761; baseline -0.001 -15"><span class='ocrx_word' id='word_1_224' title='bbox 266 1709 417 1757; x_wconf 88' lang='lat' dir='ltr'>crisin,</span> <span class='ocrx_word' id='word_1_225' title='bbox 449 1710 520 1748; x_wconf 81' lang='lat' dir='ltr'>sed</span> <span class='ocrx_word' id='word_1_226' title='bbox 553 1707 759 1761; x_wconf 74' lang='grc' dir='ltr'>ἀκρισίαν</span> <span class='ocrx_word' id='word_1_227' title='bbox 780 1716 894 1747; x_wconf 82' lang='lat' dir='ltr'>recte</span> <span class='ocrx_word' id='word_1_228' title='bbox 925 1709 1013 1761; x_wconf 88' lang='lat' dir='ltr'>quis</span> <span class='ocrx_word' id='word_1_229' title='bbox 1035 1722 1056 1745; x_wconf 88' lang='lat' dir='ltr'>e</span> <span class='ocrx_word' id='word_1_230' title='bbox 1080 1709 1249 1746; x_wconf 85' lang='lat' dir='ltr'>Luciani</span> <span class='ocrx_word' id='word_1_231' title='bbox 1267 1709 1360 1747; x_wconf 90' lang='lat' dir='ltr'>loco</span> <span class='ocrx_word' id='word_1_232' title='bbox 1381 1709 1451 1747; x_wconf 87' lang='lat' dir='ltr'>hic</span> <span class='ocrx_word' id='word_1_233' title='bbox 1472 1707 1587 1760; x_wconf 86' lang='lat' dir='ltr'>apud</span> 
     </span>
     <span class='ocr_line' id='line_1_27' title="bbox 263 1763 1587 1818; baseline -0.001 -17"><span class='ocrx_word' id='word_1_234' title='bbox 263 1763 496 1816; x_wconf 83' lang='lat' dir='ltr'>Longinum</span> <span class='ocrx_word' id='word_1_235' title='bbox 507 1779 584 1817; x_wconf 87' lang='lat' dir='ltr'>pro</span> <span class='ocrx_word' id='word_1_236' title='bbox 606 1764 831 1818; x_wconf 82' lang='grc' dir='ltr'><em>κράτιστον</em></span> <span class='ocrx_word' id='word_1_237' title='bbox 844 1771 1022 1816; x_wconf 82' lang='lat' dir='ltr'>reponat</span> <span class='ocrx_word' id='word_1_238' title='bbox 1042 1767 1218 1818; x_wconf 77' lang='grc' dir='ltr'><em>βέλτιον,</em></span> <span class='ocrx_word' id='word_1_239' title='bbox 1240 1771 1280 1802; x_wconf 84' lang='lat' dir='ltr'>et</span> <span class='ocrx_word' id='word_1_240' title='bbox 1298 1764 1492 1816; x_wconf 87' lang='lat' dir='ltr'>deinceps</span> <span class='ocrx_word' id='word_1_241' title='bbox 1506 1763 1587 1800; x_wconf 83' lang='lat' dir='ltr'>ad·-</span> 
     </span>
     <span class='ocr_line' id='line_1_28' title="bbox 267 1819 1589 1875; baseline -0.002 -17"><span class='ocrx_word' id='word_1_242' title='bbox 267 1819 341 1858; x_wconf 81' lang='lat' dir='ltr'>dat</span> <span class='ocrx_word' id='word_1_243' title='bbox 359 1825 401 1861; x_wconf 79' lang='grc' dir='ltr'><em>ἐν</em></span> <span class='ocrx_word' id='word_1_244' title='bbox 421 1819 588 1871; x_wconf 81' lang='grc' dir='ltr'><em>οἷσαφεῖ</em></span> <span class='ocrx_word' id='word_1_245' title='bbox 604 1824 792 1875; x_wconf 82' lang='grc' dir='ltr'><em>κείμενα,</em></span> <span class='ocrx_word' id='word_1_246' title='bbox 821 1820 917 1872; x_wconf 85' lang='lat' dir='ltr'>quia</span> <span class='ocrx_word' id='word_1_247' title='bbox 940 1819 1108 1857; x_wconf 83' lang='lat' dir='ltr'>Luciani</span> <span class='ocrx_word' id='word_1_248' title='bbox 1127 1821 1243 1857; x_wconf 91' lang='lat' dir='ltr'>locus</span> <span class='ocrx_word' id='word_1_249' title='bbox 1263 1819 1364 1858; x_wconf 84' lang='lat' dir='ltr'>haec</span> <span class='ocrx_word' id='word_1_250' title='bbox 1383 1819 1472 1871; x_wconf 83' lang='lat' dir='ltr'>ipsa</span> <span class='ocrx_word' id='word_1_251' title='bbox 1495 1819 1589 1856; x_wconf 76' lang='lat' dir='ltr'>cla-·</span> 
     </span>
     <span class='ocr_line' id='line_1_29' title="bbox 265 1874 1585 1928; baseline -0.002 -15"><span class='ocrx_word' id='word_1_252' title='bbox 265 1887 314 1913; x_wconf 83' lang='lat' dir='ltr'>:re</span> <span class='ocrx_word' id='word_1_253' title='bbox 339 1875 526 1915; x_wconf 84' lang='lat' dir='ltr'>exhibet!</span> <span class='ocrx_word' id='word_1_254' title='bbox 557 1877 593 1914; x_wconf 90' lang='lat' dir='ltr'>T</span> <span class='ocrx_word' id='word_1_255' title='bbox 595 1876 740 1928; x_wconf 86' lang='lat' dir='ltr'>oupius</span> <span class='ocrx_word' id='word_1_256' title='bbox 763 1875 871 1914; x_wconf 88' lang='lat' dir='ltr'>illud</span> <span class='ocrx_word' id='word_1_257' title='bbox 881 1877 1004 1917; x_wconf 88' lang='grc' dir='ltr'>ΚΑΙ</span> <span class='ocrx_word' id='word_1_258' title='bbox 1015 1876 1057 1912; x_wconf 90' lang='lat' dir='ltr'>in</span> <span class='ocrx_word' id='word_1_259' title='bbox 1079 1881 1196 1913; x_wconf 83' lang='lat' dir='ltr'>textu</span> <span class='ocrx_word' id='word_1_260' title='bbox 1214 1874 1387 1926; x_wconf 88' lang='lat' dir='ltr'>Longini</span> <span class='ocrx_word' id='word_1_261' title='bbox 1404 1874 1585 1912; x_wconf 84' lang='lat' dir='ltr'>addidit:</span> 
     </span>
    </p>
   </div>
   <div class='ocr_carea' id='block_1_3' title="bbox 197 1929 1586 1983">
    <p class='ocr_par' dir='ltr' id='par_1_3' title="bbox 197 1929 1586 1983">
     <span class='ocr_line' id='line_1_30' title="bbox 197 1929 1586 1983; baseline 0 -16"><span class='ocrx_word' id='word_1_262' title='bbox 197 1965 198 1968; x_wconf 74' lang='grc'>,</span> <span class='ocrx_word' id='word_1_263' title='bbox 268 1944 346 1968; x_wconf 88' lang='lat' dir='ltr'>cur</span> <span class='ocrx_word' id='word_1_264' title='bbox 366 1944 451 1969; x_wconf 91' lang='lat' dir='ltr'>non</span> <span class='ocrx_word' id='word_1_265' title='bbox 471 1932 544 1969; x_wconf 80' lang='lat' dir='ltr'>alii</span> <span class='ocrx_word' id='word_1_266' title='bbox 565 1931 691 1970; x_wconf 85' lang='lat' dir='ltr'>liceat</span> <span class='ocrx_word' id='word_1_267' title='bbox 706 1932 832 1983; x_wconf 86' lang='lat' dir='ltr'>plura</span> <span class='ocrx_word' id='word_1_268' title='bbox 851 1931 975 1969; x_wconf 87' lang='lat' dir='ltr'>etiam</span> <span class='ocrx_word' id='word_1_269' title='bbox 996 1930 1171 1979; x_wconf 80' lang='lat' dir='ltr'>addere,</span> <span class='ocrx_word' id='word_1_270' title='bbox 1200 1937 1241 1968; x_wconf 79' lang='lat' dir='ltr'>et</span> <span class='ocrx_word' id='word_1_271' title='bbox 1261 1929 1492 1981; x_wconf 83' lang='lat' dir='ltr'>pleniorem</span> <span class='ocrx_word' id='word_1_272' title='bbox 1511 1938 1586 1967; x_wconf 65' lang='grc' dir='ltr'>Γο-</span> 
     </span>
    </p>
   </div>
   <div class='ocr_carea' id='block_1_4' title="bbox 264 1984 1588 2050">
    <p class='ocr_par' dir='ltr' id='par_1_4' title="bbox 264 1984 1588 2050">
     <span class='ocr_line' id='line_1_31' title="bbox 264 1984 1588 2050; baseline 0 -28"><span class='ocrx_word' id='word_1_273' title='bbox 264 1986 586 2050; x_wconf 77' lang='lat' dir='ltr'>tundioremque</span> <span class='ocrx_word' id='word_1_274' title='bbox 603 1987 812 2039; x_wconf 77' lang='lat' dir='ltr'>aliquanto</span> <span class='ocrx_word' id='word_1_275' title='bbox 832 1986 971 2024; x_wconf 85' lang='lat' dir='ltr'>facere</span> <span class='ocrx_word' id='word_1_276' title='bbox 985 1987 1258 2024; x_wconf 80' lang='lat' dir='ltr'>sententiam</span> <span class='ocrx_word' id='word_1_277' title='bbox 1244 1986 1264 2014; x_wconf 65' lang='grc' dir='ltr'>Ῥ</span> <span class='ocrx_word' id='word_1_278' title='bbox 1315 1985 1396 2022; x_wconf 87' lang='lat' dir='ltr'>Sed</span> <span class='ocrx_word' id='word_1_279' title='bbox 1419 1984 1588 2023; x_wconf 86' lang='lat' dir='ltr'>difficile</span> 
     </span>
    </p>
   </div>
   <div class='ocr_carea' id='block_1_5' title="bbox 173 2039 1588 2096">
    <p class='ocr_par' dir='ltr' id='par_1_5' title="bbox 173 2039 1588 2096">
     <span class='ocr_line' id='line_1_32' title="bbox 173 2039 1588 2096; baseline -0.002 -14"><span class='ocrx_word' id='word_1_280' title='bbox 173 2069 183 2082; x_wconf 74' lang='grc'><strong><em>,</em></strong></span> <span class='ocrx_word' id='word_1_281' title='bbox 239 2086 244 2090; x_wconf 32' lang='lat'><em>¹</em></span> <span class='ocrx_word' id='word_1_282' title='bbox 268 2047 330 2079; x_wconf 87' lang='lat' dir='ltr'>est</span> <span class='ocrx_word' id='word_1_283' title='bbox 349 2043 393 2080; x_wconf 91' lang='lat' dir='ltr'>in</span> <span class='ocrx_word' id='word_1_284' title='bbox 414 2043 625 2081; x_wconf 83' lang='lat' dir='ltr'>stomacho</span> <span class='ocrx_word' id='word_1_285' title='bbox 644 2043 796 2081; x_wconf 88' lang='lat' dir='ltr'>ridere.</span> <span class='ocrx_word' id='word_1_286' title='bbox 857 2042 979 2091; x_wconf 92' lang='lat' dir='ltr'>Quod</span> <span class='ocrx_word' id='word_1_287' title='bbox 999 2042 1050 2080; x_wconf 83' lang='lat' dir='ltr'>ad</span> <span class='ocrx_word' id='word_1_288' title='bbox 1070 2039 1130 2096; x_wconf 70' lang='grc' dir='ltr'>μή</span> <span class='ocrx_word' id='word_1_289' title='bbox 1151 2042 1300 2079; x_wconf 77' lang='lat' dir='ltr'>attinet</span> <span class='ocrx_word' id='word_1_290' title='bbox 1320 2041 1395 2078; x_wconf 85' lang='lat' dir='ltr'>illo</span> <span class='ocrx_word' id='word_1_291' title='bbox 1418 2039 1588 2079; x_wconf 69' lang='lat' dir='ltr'>Luciani</span> 
     </span>
    </p>
   </div>
   <div class='ocr_carea' id='block_1_6' title="bbox 263 2097 1591 2666">
    <p class='ocr_par' dir='ltr' id='par_1_6' title="bbox 263 2097 1591 2526">
     <span class='ocr_line' id='line_1_33' title="bbox 263 2097 1587 2161; baseline 0.001 -26"><span class='ocrx_word' id='word_1_292' title='bbox 263 2097 360 2136; x_wconf 88' lang='lat' dir='ltr'>loco</span> <span class='ocrx_word' id='word_1_293' title='bbox 390 2099 612 2161; x_wconf 54' lang='lat' dir='ltr'>seriptum,</span> <span class='ocrx_word' id='word_1_294' title='bbox 642 2105 756 2136; x_wconf 86' lang='lat' dir='ltr'>recte</span> <span class='ocrx_word' id='word_1_295' title='bbox 777 2098 862 2137; x_wconf 78' lang='lat' dir='ltr'>viri</span> <span class='ocrx_word' id='word_1_296' title='bbox 883 2097 996 2136; x_wconf 88' lang='lat' dir='ltr'>docti</span> <span class='ocrx_word' id='word_1_297' title='bbox 1016 2111 1092 2149; x_wconf 90' lang='lat' dir='ltr'>pro</span> <span class='ocrx_word' id='word_1_298' title='bbox 1120 2111 1167 2134; x_wconf 88' lang='lat' dir='ltr'>eo</span> <span class='ocrx_word' id='word_1_299' title='bbox 1186 2103 1463 2148; x_wconf 83' lang='lat' dir='ltr'>reposuerunt</span> <span class='ocrx_word' id='word_1_300' title='bbox 1478 2110 1589 2162; x_wconf 78' lang='grc' dir='ltr'><em>μην,</em></span> 
     </span>
     <span class='ocr_line' id='line_1_34' title="bbox 266 2151 1586 2207; baseline 0.001 -18"><span class='ocrx_word' id='word_1_301' title='bbox 266 2153 363 2204; x_wconf 81' lang='lat' dir='ltr'>quia</span> <span class='ocrx_word' id='word_1_302' title='bbox 393 2154 613 2192; x_wconf 82' lang='lat' dir='ltr'>inusitatus</span> <span class='ocrx_word' id='word_1_303' title='bbox 642 2160 703 2192; x_wconf 86' lang='lat' dir='ltr'>est</span> <span class='ocrx_word' id='word_1_304' title='bbox 733 2154 942 2205; x_wconf 83' lang='lat' dir='ltr'>optati‘uus</span> <span class='ocrx_word' id='word_1_305' title='bbox 970 2160 1062 2204; x_wconf 89' lang='lat' dir='ltr'>post</span> <span class='ocrx_word' id='word_1_306' title='bbox 1088 2152 1149 2207; x_wconf 78' lang='grc' dir='ltr'><em>μή</em></span> <span class='ocrx_word' id='word_1_307' title='bbox 1173 2152 1409 2190; x_wconf 81' lang='lat' dir='ltr'>dubitantis.</span> <span class='ocrx_word' id='word_1_308' title='bbox 1465 2151 1509 2191; x_wconf 87' lang='lat' dir='ltr'>Si</span> <span class='ocrx_word' id='word_1_309' title='bbox 1525 2166 1586 2205; x_wconf 85' lang='grc' dir='ltr'>μη</span> 
     </span>
     <span class='ocr_line' id='line_1_35' title="bbox 268 2202 1589 2263; baseline -0.002 -17"><span class='ocrx_word' id='word_1_310' title='bbox 268 2216 375 2248; x_wconf 84' lang='lat' dir='ltr'>esset</span> <span class='ocrx_word' id='word_1_311' title='bbox 401 2223 426 2247; x_wconf 83' lang='lat' dir='ltr'>a</span> <span class='ocrx_word' id='word_1_312' title='bbox 454 2208 658 2258; x_wconf 84' lang='lat' dir='ltr'>Luciano‚</span> <span class='ocrx_word' id='word_1_313' title='bbox 697 2222 783 2247; x_wconf 89' lang='lat' dir='ltr'>non</span> <span class='ocrx_word' id='word_1_314' title='bbox 814 2212 876 2258; x_wconf 83' lang='grc' dir='ltr'>εἴη</span> <span class='ocrx_word' id='word_1_315' title='bbox 909 2215 1175 2259; x_wconf 83' lang='lat' dir='ltr'>sequeretur,</span> <span class='ocrx_word' id='word_1_316' title='bbox 1213 2202 1332 2245; x_wconf 92' lang='lat' dir='ltr'>sed</span> <span class='ocrx_word' id='word_1_317' title='bbox 1302 2223 1343 2263; x_wconf 74' lang='grc' dir='ltr'>ῃ.</span> <span class='ocrx_word' id='word_1_318' title='bbox 1399 2205 1589 2259; x_wconf 84' lang='lat' dir='ltr'>Denique</span> 
     </span>
     <span class='ocr_line' id='line_1_36' title="bbox 266 2260 1591 2314; baseline -0.003 -11"><span class='ocrx_word' id='word_1_319' title='bbox 266 2265 374 2313; x_wconf 73' lang='grc' dir='ltr'>εἰκῆ</span> <span class='ocrx_word' id='word_1_320' title='bbox 382 2265 470 2303; x_wconf 89' lang='lat' dir='ltr'>sine</span> <span class='ocrx_word' id='word_1_321' title='bbox 489 2264 578 2303; x_wconf 83' lang='lat' dir='ltr'>vlla</span> <span class='ocrx_word' id='word_1_322' title='bbox 593 2265 760 2312; x_wconf 88' lang='lat' dir='ltr'>duritie,</span> <span class='ocrx_word' id='word_1_323' title='bbox 789 2271 839 2303; x_wconf 83' lang='lat' dir='ltr'>vt</span> <span class='ocrx_word' id='word_1_324' title='bbox 853 2266 898 2302; x_wconf 90' lang='lat' dir='ltr'>in</span> <span class='ocrx_word' id='word_1_325' title='bbox 911 2277 1038 2303; x_wconf 81' lang='lat' dir='ltr'>versu</span> <span class='ocrx_word' id='word_1_326' title='bbox 1054 2271 1167 2312; x_wconf 89' lang='lat' dir='ltr'>noto,</span> <span class='ocrx_word' id='word_1_327' title='bbox 1197 2260 1378 2314; x_wconf 87' lang='lat' dir='ltr'>positum</span> <span class='ocrx_word' id='word_1_328' title='bbox 1398 2276 1474 2300; x_wconf 88' lang='lat' dir='ltr'>cur</span> <span class='ocrx_word' id='word_1_329' title='bbox 1491 2274 1591 2300; x_wconf 77' lang='lat' dir='ltr'>mu-&#39;</span> 
     </span>
     <span class='ocr_line' id='line_1_37' title="bbox 265 2317 1588 2372; baseline -0.003 -13"><span class='ocrx_word' id='word_1_330' title='bbox 265 2326 403 2369; x_wconf 76' lang='lat' dir='ltr'>tetur,</span> <span class='ocrx_word' id='word_1_331' title='bbox 430 2321 555 2371; x_wconf 83' lang='lat' dir='ltr'>plane</span> <span class='ocrx_word' id='word_1_332' title='bbox 577 2320 694 2358; x_wconf 84' lang='lat' dir='ltr'>nulla</span> <span class='ocrx_word' id='word_1_333' title='bbox 713 2326 774 2357; x_wconf 83' lang='lat' dir='ltr'>est</span> <span class='ocrx_word' id='word_1_334' title='bbox 793 2334 927 2358; x_wconf 86' lang='lat' dir='ltr'><strong>causa.</strong></span> <span class='ocrx_word' id='word_1_335' title='bbox 966 2319 1106 2372; x_wconf 86' lang='lat' dir='ltr'>Itaque</span> <span class='ocrx_word' id='word_1_336' title='bbox 1122 2333 1199 2358; x_wconf 83' lang='lat' dir='ltr'>nec</span> <span class='ocrx_word' id='word_1_337' title='bbox 1217 2319 1298 2358; x_wconf 85' lang='lat' dir='ltr'>hoc</span> <span class='ocrx_word' id='word_1_338' title='bbox 1321 2320 1429 2357; x_wconf 89' lang='lat' dir='ltr'>loco.</span> <span class='ocrx_word' id='word_1_339' title='bbox 1465 2317 1588 2356; x_wconf 82' lang='lat' dir='ltr'>Certe</span> 
     </span>
     <span class='ocr_line' id='line_1_38' title="bbox 264 2373 1586 2429; baseline -0.004 -15"><span class='ocrx_word' id='word_1_340' title='bbox 264 2376 392 2414; x_wconf 79' lang='lat' dir='ltr'>satius</span> <span class='ocrx_word' id='word_1_341' title='bbox 413 2383 475 2414; x_wconf 83' lang='lat' dir='ltr'>est</span> <span class='ocrx_word' id='word_1_342' title='bbox 491 2375 593 2413; x_wconf 85' lang='lat' dir='ltr'>talia</span> <span class='ocrx_word' id='word_1_343' title='bbox 613 2376 685 2423; x_wconf 78' lang='grc' dir='ltr'><em>ἐᾷν</em></span> <span class='ocrx_word' id='word_1_344' title='bbox 700 2379 742 2415; x_wconf 82' lang='grc' dir='ltr'><em>ἑν</em></span> <span class='ocrx_word' id='word_1_345' title='bbox 762 2373 929 2426; x_wconf 81' lang='grc' dir='ltr'><em>οἷσαφεῖ</em></span> <span class='ocrx_word' id='word_1_346' title='bbox 940 2379 1125 2429; x_wconf 83' lang='grc' dir='ltr'><em>κείμενα.</em></span> <span class='ocrx_word' id='word_1_347' title='bbox 1165 2374 1372 2414; x_wconf 77' lang='lat' dir='ltr'>inseruire</span> <span class='ocrx_word' id='word_1_348' title='bbox 1391 2373 1499 2411; x_wconf 88' lang='lat' dir='ltr'>illud</span> <span class='ocrx_word' id='word_1_349' title='bbox 1517 2373 1586 2410; x_wconf 87' lang='lat' dir='ltr'>vi-</span> 
     </span>
     <span class='ocr_line' id='line_1_39' title="bbox 264 2429 1591 2483; baseline -0.004 -13"><span class='ocrx_word' id='word_1_350' title='bbox 264 2431 386 2470; x_wconf 87' lang='lat' dir='ltr'>detur</span> <span class='ocrx_word' id='word_1_351' title='bbox 412 2432 478 2470; x_wconf 82' lang='lat' dir='ltr'>rei</span> <span class='ocrx_word' id='word_1_352' title='bbox 497 2430 764 2470; x_wconf 84' lang='lat' dir='ltr'>abiiciendae.</span> <span class='ocrx_word' id='word_1_353' title='bbox 820 2433 869 2472; x_wconf 87' lang='lat' dir='ltr'>ln</span> <span class='ocrx_word' id='word_1_354' title='bbox 886 2445 933 2470; x_wconf 87' lang='lat' dir='ltr'>re</span> <span class='ocrx_word' id='word_1_355' title='bbox 950 2432 1167 2483; x_wconf 83' lang='lat' dir='ltr'>desperata</span> <span class='ocrx_word' id='word_1_356' title='bbox 1186 2431 1344 2470; x_wconf 85' lang='lat' dir='ltr'>frustra</span> <span class='ocrx_word' id='word_1_357' title='bbox 1366 2429 1591 2481; x_wconf 81' lang='lat' dir='ltr'>suscipitur</span> 
     </span>
     <span class='ocr_line' id='line_1_40' title="bbox 265 2500 532 2526; baseline -0.004 -1"><span class='ocrx_word' id='word_1_358' title='bbox 265 2501 397 2526; x_wconf 81' lang='lat' dir='ltr'>omnls</span> <span class='ocrx_word' id='word_1_359' title='bbox 421 2500 532 2524; x_wconf 84' lang='lat' dir='ltr'>cura.</span> 
     </span>
    </p>

    <p class='ocr_par' dir='ltr' id='par_1_7' title="bbox 264 2538 1586 2652">
     <span class='ocr_line' id='line_1_41' title="bbox 339 2538 1579 2607; baseline -0.004 -24.939"><span class='ocrx_word' id='word_1_360' title='bbox 339 2538 422 2583; x_wconf 91' lang='grc' dir='ltr'>Ην</span> <span class='ocrx_word' id='word_1_361' title='bbox 444 2542 486 2582; x_wconf 83' lang='grc' dir='ltr'>δε</span> <span class='ocrx_word' id='word_1_362' title='bbox 510 2543 562 2595; x_wconf 85' lang='grc' dir='ltr'><em>τ.]</em></span> <span class='ocrx_word' id='word_1_363' title='bbox 587 2543 702 2590; x_wconf 84' lang='lat' dir='ltr'>Quae</span> <span class='ocrx_word' id='word_1_364' title='bbox 727 2551 968 2607; x_wconf 81' lang='lat' dir='ltr'>sequuntur,</span> <span class='ocrx_word' id='word_1_365' title='bbox 989 2550 1106 2583; x_wconf 83' lang='lat' dir='ltr'>recte</span> <span class='ocrx_word' id='word_1_366' title='bbox 1131 2547 1420 2595; x_wconf 81' lang='lat' dir='ltr'>repraesentat</span> <span class='ocrx_word' id='word_1_367' title='bbox 1439 2539 1579 2578; x_wconf 79' lang='lat' dir='ltr'>Editio</span> 
     </span>
     <span class='ocr_line' id='line_1_42' title="bbox 264 2596 1586 2666; baseline -0.004 -29"><span class='ocrx_word' id='word_1_368' title='bbox 264 2600 460 2666; x_wconf 87' lang='lat' dir='ltr'>princeps</span> <span class='ocrx_word' id='word_1_369' title='bbox 473 2598 797 2647; x_wconf 79' lang='lat' dir='ltr'>Robortelliana,</span> <span class='ocrx_word' id='word_1_370' title='bbox 820 2614 940 2651; x_wconf 81' lang='lat' dir='ltr'>quam</span> <span class='ocrx_word' id='word_1_371' title='bbox 966 2607 1008 2638; x_wconf 86' lang='lat' dir='ltr'>et</span> <span class='ocrx_word' id='word_1_372' title='bbox 1024 2600 1275 2665; x_wconf 78' lang='lat' dir='ltr'>posteliores</span> <span class='ocrx_word' id='word_1_373' title='bbox 1298 2598 1412 2649; x_wconf 76' lang='lat' dir='ltr'>sequi</span> <span class='ocrx_word' id='word_1_374' title='bbox 1431 2596 1586 2633; x_wconf 83' lang='lat' dir='ltr'>debue-</span> 
     </span>
    </p>
   </div>
   <div class='ocr_carea' id='block_1_7' title="bbox 202 2649 1587 2712">
    <p class='ocr_par' dir='ltr' id='par_1_8' title="bbox 202 2649 1587 2712">
     <span class='ocr_line' id='line_1_43' title="bbox 202 2649 1587 2712; baseline 0.001 -18"><span class='ocrx_word' id='word_1_375' title='bbox 202 2663 206 2667; x_wconf 83' lang='lat'><em>&#39;</em></span> <span class='ocrx_word' id='word_1_376' title='bbox 267 2661 382 2696; x_wconf 81' lang='lat' dir='ltr'>rant:</span> <span class='ocrx_word' id='word_1_377' title='bbox 391 2649 472 2697; x_wconf 79' lang='grc' dir='ltr'><em>Ην</em></span> <span class='ocrx_word' id='word_1_378' title='bbox 484 2653 668 2697; x_wconf 75' lang='grc' dir='ltr'><em>δὲταῦτα</em></span> <span class='ocrx_word' id='word_1_379' title='bbox 683 2655 736 2697; x_wconf 75' lang='grc' dir='ltr'><em>τοὶ</em></span> <span class='ocrx_word' id='word_1_380' title='bbox 749 2655 890 2709; x_wconf 75' lang='grc' dir='ltr'><em>πάθη,</em></span> <span class='ocrx_word' id='word_1_381' title='bbox 913 2658 1006 2712; x_wconf 74' lang='grc' dir='ltr'>περι</span> <span class='ocrx_word' id='word_1_382' title='bbox 1026 2649 1083 2698; x_wconf 79' lang='grc' dir='ltr'><em>ὧν</em></span> <span class='ocrx_word' id='word_1_383' title='bbox 1100 2660 1142 2697; x_wconf 74' lang='grc' dir='ltr'><em>ἐν</em></span> <span class='ocrx_word' id='word_1_384' title='bbox 1154 2654 1273 2707; x_wconf 62' lang='lat' dir='ltr'>[55ch</span> <span class='ocrx_word' id='word_1_385' title='bbox 1261 2655 1587 2709; x_wconf 70' lang='grc' dir='ltr'><em>προηγουμένως</em></span> 
     </span>
    </p>
   </div>
   <div class='ocr_carea' id='block_1_8' title="bbox 1653 1241 1718 3122">
    <p class='ocr_par' dir='ltr' id='par_1_9' title="bbox 1653 1241 1718 3122">
     <span class='ocr_line' id='line_1_44' title="bbox 1653 1241 1718 3122; baseline 0 0"><span class='ocrx_word' id='word_1_386' title='bbox 1653 1241 1718 3122; x_wconf 95' lang='lat' dir='ltr'> </span> 
     </span>
    </p>
   </div>
  </div>
 </body>
</html>
