<?xml version="1.0" encoding="UTF-8"?>
<!DOCTYPE html PUBLIC "-//W3C//DTD XHTML 1.0 Transitional//EN"
    "http://www.w3.org/TR/xhtml1/DTD/xhtml1-transitional.dtd">
<html xmlns="http://www.w3.org/1999/xhtml" xml:lang="en" lang="en">
 <head>
  <title>
</title>
<meta http-equiv="Content-Type" content="text/html;charset=utf-8" />
  <meta name='ocr-system' content='tesseract 3.04.00' />
  <meta name='ocr-capabilities' content='ocr_page ocr_carea ocr_par ocr_line ocrx_word'/>
</head>
<body>
  <div class='ocr_page' id='page_1' title='image "./dionysiilonginid00long_0662.png"; bbox 0 0 1718 3122; ppageno 0'>
   <div class='ocr_carea' id='block_1_1' title="bbox 259 222 1297 274">
    <p class='ocr_par' dir='ltr' id='par_1_1' title="bbox 259 222 1297 274">
     <span class='ocr_line' id='line_1_1' title="bbox 259 222 1297 274; baseline 0.003 -3"><span class='ocrx_word' id='word_1_1' title='bbox 259 222 350 273; x_wconf 66' lang='lat'><strong>438&#39;</strong></span> <span class='ocrx_word' id='word_1_2' title='bbox 549 231 774 272; x_wconf 75' lang='lat' dir='ltr'><strong>NOTAE</strong></span> <span class='ocrx_word' id='word_1_3' title='bbox 806 231 889 272; x_wconf 82' lang='lat' dir='ltr'><strong>AD</strong></span> <span class='ocrx_word' id='word_1_4' title='bbox 926 231 1005 272; x_wconf 81' lang='lat' dir='ltr'><strong>DE</strong></span> <span class='ocrx_word' id='word_1_5' title='bbox 1049 231 1297 274; x_wconf 78' lang='lat' dir='ltr'>SVBL1M.</span> 
     </span>
    </p>
   </div>
   <div class='ocr_carea' id='block_1_2' title="bbox 251 339 1586 1618">
    <p class='ocr_par' dir='ltr' id='par_1_2' title="bbox 251 339 1586 1618">
     <span class='ocr_line' id='line_1_2' title="bbox 342 339 1579 401; baseline 0.001 -17"><span class='ocrx_word' id='word_1_6' title='bbox 342 341 424 395; x_wconf 83' lang='grc' dir='ltr'><strong>ὅσα</strong></span> <span class='ocrx_word' id='word_1_7' title='bbox 446 339 500 394; x_wconf 74' lang='grc' dir='ltr'><strong>δὲ,</strong></span> <span class='ocrx_word' id='word_1_8' title='bbox 523 345 678 401; x_wconf 80' lang='grc' dir='ltr'><em>μήποτ’</em></span> <span class='ocrx_word' id='word_1_9' title='bbox 700 376 727 387; x_wconf 92' lang='grc'><strong>..</strong></span> <span class='ocrx_word' id='word_1_10' title='bbox 741 346 952 400; x_wconf 52' lang='lat' dir='ltr'><strong>..semma</strong></span> <span class='ocrx_word' id='word_1_11' title='bbox 981 347 1160 386; x_wconf 87' lang='lat' dir='ltr'><strong>Venuste</strong></span> <span class='ocrx_word' id='word_1_12' title='bbox 1182 351 1223 383; x_wconf 86' lang='lat' dir='ltr'><strong>et</strong></span> <span class='ocrx_word' id='word_1_13' title='bbox 1245 343 1392 384; x_wconf 86' lang='lat' dir='ltr'><strong>callide</strong></span> <span class='ocrx_word' id='word_1_14' title='bbox 1429 351 1579 385; x_wconf 82' lang='lat' dir='ltr'>auctor</span> 
     </span>
     <span class='ocr_line' id='line_1_3' title="bbox 260 400 1575 453; baseline 0.002 -15"><span class='ocrx_word' id='word_1_15' title='bbox 260 400 481 452; x_wconf 81' lang='lat' dir='ltr'><strong>significat,</strong></span> <span class='ocrx_word' id='word_1_16' title='bbox 510 415 595 440; x_wconf 85' lang='lat' dir='ltr'><strong>non</strong></span> <span class='ocrx_word' id='word_1_17' title='bbox 615 402 666 441; x_wconf 93' lang='lat' dir='ltr'><strong>de</strong></span> <span class='ocrx_word' id='word_1_18' title='bbox 688 407 838 442; x_wconf 74' lang='lat' dir='ltr'><strong>amissa</strong></span> <span class='ocrx_word' id='word_1_19' title='bbox 858 405 1040 442; x_wconf 62' lang='lat' dir='ltr'><strong>libertate</strong></span> <span class='ocrx_word' id='word_1_20' title='bbox 1062 402 1400 453; x_wconf 82' lang='lat' dir='ltr'><strong>conquerendum</strong></span> <span class='ocrx_word' id='word_1_21' title='bbox 1428 415 1513 439; x_wconf 88' lang='lat' dir='ltr'><strong>esse</strong></span> <span class='ocrx_word' id='word_1_22' title='bbox 1532 408 1575 440; x_wconf 86' lang='lat' dir='ltr'><strong>et</strong></span> 
     </span>
     <span class='ocr_line' id='line_1_4' title="bbox 258 456 1575 510; baseline 0.001 -17"><span class='ocrx_word' id='word_1_23' title='bbox 258 456 381 494; x_wconf 84' lang='lat' dir='ltr'><strong>vnius</strong></span> <span class='ocrx_word' id='word_1_24' title='bbox 423 456 696 498; x_wconf 85' lang='lat' dir='ltr'>dominationi</span> <span class='ocrx_word' id='word_1_25' title='bbox 741 459 942 498; x_wconf 77' lang='lat' dir='ltr'><strong>iacturam</strong></span> <span class='ocrx_word' id='word_1_26' title='bbox 979 457 1235 510; x_wconf 71' lang='lat' dir='ltr'>eloquentiae</span> <span class='ocrx_word' id='word_1_27' title='bbox 1264 457 1575 507; x_wconf 78' lang='lat' dir='ltr'><strong>imputandam3</strong></span> 
     </span>
     <span class='ocr_line' id='line_1_5' title="bbox 259 511 1578 568; baseline 0.001 -20"><span class='ocrx_word' id='word_1_28' title='bbox 259 511 331 549; x_wconf 88' lang='lat' dir='ltr'><strong>sed</strong></span> <span class='ocrx_word' id='word_1_29' title='bbox 339 512 519 565; x_wconf 69' lang='lat' dir='ltr'><strong>fortasse</strong></span> <span class='ocrx_word' id='word_1_30' title='bbox 550 529 570 552; x_wconf 88' lang='lat' dir='ltr'><strong>e</strong></span> <span class='ocrx_word' id='word_1_31' title='bbox 584 516 624 553; x_wconf 73' lang='grc' dir='ltr'><strong>ιι·</strong></span> <span class='ocrx_word' id='word_1_32' title='bbox 636 530 713 553; x_wconf 86' lang='lat' dir='ltr'><strong>am</strong></span> <span class='ocrx_word' id='word_1_33' title='bbox 728 530 873 568; x_wconf 81' lang='lat' dir='ltr'><em>pacem</em></span> <span class='ocrx_word' id='word_1_34' title='bbox 892 518 1017 554; x_wconf 75' lang='lat' dir='ltr'><strong>totius</strong></span> <span class='ocrx_word' id='word_1_35' title='bbox 1038 515 1141 552; x_wconf 67' lang='lat' dir='ltr'><strong>orbis</strong></span> <span class='ocrx_word' id='word_1_36' title='bbox 1159 526 1256 560; x_wconf 76' lang='lat' dir='ltr'><strong>(sse,</strong></span> <span class='ocrx_word' id='word_1_37' title='bbox 1281 525 1383 563; x_wconf 87' lang='lat' dir='ltr'><strong>quae</strong></span> <span class='ocrx_word' id='word_1_38' title='bbox 1407 526 1578 563; x_wconf 87' lang='lat' dir='ltr'><strong>magno-</strong></span> 
     </span>
     <span class='ocr_line' id='line_1_6' title="bbox 257 567 1578 623; baseline -0.001 -18"><span class='ocrx_word' id='word_1_39' title='bbox 257 579 354 605; x_wconf 81' lang='lat' dir='ltr'><strong>rum</strong></span> <span class='ocrx_word' id='word_1_40' title='bbox 373 567 634 619; x_wconf 88' lang='lat' dir='ltr'><strong>ingeniorum</strong></span> <span class='ocrx_word' id='word_1_41' title='bbox 655 569 829 623; x_wconf 82' lang='lat' dir='ltr'><strong>impetus</strong></span> <span class='ocrx_word' id='word_1_42' title='bbox 849 571 1067 620; x_wconf 84' lang='lat' dir='ltr'><strong>reprimat.</strong></span> <span class='ocrx_word' id='word_1_43' title='bbox 1121 568 1359 606; x_wconf 74' lang='lat' dir='ltr'><strong>honestiori</strong></span> <span class='ocrx_word' id='word_1_44' title='bbox 1384 582 1479 619; x_wconf 87' lang='lat' dir='ltr'><strong>ergo</strong></span> <span class='ocrx_word' id='word_1_45' title='bbox 1499 580 1578 604; x_wconf 85' lang='lat' dir='ltr'><strong>no-</strong></span> 
     </span>
     <span class='ocr_line' id='line_1_7' title="bbox 258 622 1578 678; baseline 0.001 -18"><span class='ocrx_word' id='word_1_46' title='bbox 258 622 372 660; x_wconf 87' lang='lat' dir='ltr'><strong>mine</strong></span> <span class='ocrx_word' id='word_1_47' title='bbox 391 624 546 672; x_wconf 82' lang='lat' dir='ltr'><strong>vtitur,</strong></span> <span class='ocrx_word' id='word_1_48' title='bbox 579 632 621 662; x_wconf 87' lang='lat' dir='ltr'><strong>et</strong></span> <span class='ocrx_word' id='word_1_49' title='bbox 638 640 780 678; x_wconf 74' lang='lat' dir='ltr'><strong>pacem</strong></span> <span class='ocrx_word' id='word_1_50' title='bbox 802 625 985 664; x_wconf 82' lang='lat' dir='ltr'><strong>stabilito</strong></span> <span class='ocrx_word' id='word_1_51' title='bbox 1005 625 1127 663; x_wconf 79' lang='lat' dir='ltr'><strong>vnius</strong></span> <span class='ocrx_word' id='word_1_52' title='bbox 1159 624 1337 675; x_wconf 84' lang='lat' dir='ltr'><strong>imperio</strong></span> <span class='ocrx_word' id='word_1_53' title='bbox 1371 623 1423 660; x_wconf 81' lang='lat' dir='ltr'><strong>fi1</strong></span> <span class='ocrx_word' id='word_1_54' title='bbox 1426 629 1578 661; x_wconf 83' lang='lat' dir='ltr'><strong>matam</strong></span> 
     </span>
     <span class='ocr_line' id='line_1_8' title="bbox 257 678 1581 733; baseline 0 -18"><span class='ocrx_word' id='word_1_55' title='bbox 257 678 443 728; x_wconf 81' lang='lat' dir='ltr'><strong>appellat</strong></span> <span class='ocrx_word' id='word_1_56' title='bbox 462 679 673 733; x_wconf 86' lang='lat' dir='ltr'><strong>(quoniam</strong></span> <span class='ocrx_word' id='word_1_57' title='bbox 695 694 717 718; x_wconf 92' lang='lat' dir='ltr'><strong>e</strong></span> <span class='ocrx_word' id='word_1_58' title='bbox 739 694 812 719; x_wconf 85' lang='lat' dir='ltr'><strong>sua</strong></span> <span class='ocrx_word' id='word_1_59' title='bbox 833 680 916 719; x_wconf 87' lang='lat' dir='ltr'><strong>iam</strong></span> <span class='ocrx_word' id='word_1_60' title='bbox 931 680 1117 732; x_wconf 87' lang='lat' dir='ltr'><strong>loquitur</strong></span> <span class='ocrx_word' id='word_1_61' title='bbox 1140 680 1360 731; x_wconf 81' lang='lat' dir='ltr'><strong>persona)·</strong></span> <span class='ocrx_word' id='word_1_62' title='bbox 1351 707 1363 727; x_wconf 90' lang='lat'>‚</span> <span class='ocrx_word' id='word_1_63' title='bbox 1390 679 1442 716; x_wconf 86' lang='lat' dir='ltr'><strong>bl</strong></span> <span class='ocrx_word' id='word_1_64' title='bbox 1444 691 1508 716; x_wconf 92' lang='lat' dir='ltr'><strong>eu</strong></span> <span class='ocrx_word' id='word_1_65' title='bbox 1498 678 1581 715; x_wconf 81' lang='lat' dir='ltr'><strong>ter</strong></span> 
     </span>
     <span class='ocr_line' id='line_1_9' title="bbox 257 734 1578 787; baseline 0 -17"><span class='ocrx_word' id='word_1_66' title='bbox 257 738 398 771; x_wconf 74' lang='lat' dir='ltr'><strong>tamen</strong></span> <span class='ocrx_word' id='word_1_67' title='bbox 415 747 505 772; x_wconf 84' lang='lat' dir='ltr'><strong>rem</strong></span> <span class='ocrx_word' id='word_1_68' title='bbox 527 741 719 785; x_wconf 81' lang='lat' dir='ltr'><strong>tangens,</strong></span> <span class='ocrx_word' id='word_1_69' title='bbox 742 735 943 787; x_wconf 86' lang='lat' dir='ltr'><strong>copiosius</strong></span> <span class='ocrx_word' id='word_1_70' title='bbox 962 735 1099 774; x_wconf 81' lang='lat' dir='ltr'><strong>statim</strong></span> <span class='ocrx_word' id='word_1_71' title='bbox 1132 741 1301 773; x_wconf 79' lang='lat' dir='ltr'><strong>acturus</strong></span> <span class='ocrx_word' id='word_1_72' title='bbox 1331 734 1382 772; x_wconf 91' lang='lat' dir='ltr'><strong>de</strong></span> <span class='ocrx_word' id='word_1_73' title='bbox 1403 734 1486 771; x_wconf 83' lang='lat' dir='ltr'><strong>alia</strong></span> <span class='ocrx_word' id='word_1_74' title='bbox 1517 745 1578 781; x_wconf 87' lang='lat' dir='ltr'><strong>re,</strong></span> 
     </span>
     <span class='ocr_line' id='line_1_10' title="bbox 258 787 1579 842; baseline 0.001 -17"><span class='ocrx_word' id='word_1_75' title='bbox 258 787 303 825; x_wconf 90' lang='lat' dir='ltr'><strong>in</strong></span> <span class='ocrx_word' id='word_1_76' title='bbox 321 802 400 839; x_wconf 79' lang='lat' dir='ltr'><strong>qua</strong></span> <span class='ocrx_word' id='word_1_77' title='bbox 421 802 463 826; x_wconf 87' lang='lat' dir='ltr'><strong>se</strong></span> <span class='ocrx_word' id='word_1_78' title='bbox 491 790 633 827; x_wconf 84' lang='lat' dir='ltr'><strong>multis</strong></span> <span class='ocrx_word' id='word_1_79' title='bbox 652 790 809 828; x_wconf 82' lang='lat' dir='ltr'><strong>iactare</strong></span> <span class='ocrx_word' id='word_1_80' title='bbox 829 791 918 829; x_wconf 87' lang='lat' dir='ltr'><strong>sine</strong></span> <span class='ocrx_word' id='word_1_81' title='bbox 938 790 1126 842; x_wconf 87' lang='lat' dir='ltr'><strong>periculo</strong></span> <span class='ocrx_word' id='word_1_82' title='bbox 1151 790 1289 841; x_wconf 87' lang='lat' dir='ltr'><strong>possit.</strong></span> <span class='ocrx_word' id='word_1_83' title='bbox 1341 789 1396 829; x_wconf 83' lang='lat' dir='ltr'><strong>‘H</strong></span> <span class='ocrx_word' id='word_1_84' title='bbox 1406 787 1478 837; x_wconf 76' lang='grc' dir='ltr'><strong>τῆς</strong></span> <span class='ocrx_word' id='word_1_85' title='bbox 1495 793 1579 828; x_wconf 81' lang='grc' dir='ltr'><em>οἰκ.</em></span> 
     </span>
     <span class='ocr_line' id='line_1_11' title="bbox 258 842 1578 898; baseline -0.001 -16"><span class='ocrx_word' id='word_1_86' title='bbox 258 842 428 894; x_wconf 75' lang='grc' dir='ltr'><em>εἰρήνη,</em></span> <span class='ocrx_word' id='word_1_87' title='bbox 454 847 579 883; x_wconf 75' lang='lat' dir='ltr'><strong>totius</strong></span> <span class='ocrx_word' id='word_1_88' title='bbox 604 845 708 883; x_wconf 77' lang='lat' dir='ltr'><strong>orbis</strong></span> <span class='ocrx_word' id='word_1_89' title='bbox 725 845 812 883; x_wconf 91' lang='lat' dir='ltr'><strong>siue</strong></span> <span class='ocrx_word' id='word_1_90' title='bbox 835 848 963 884; x_wconf 65' lang='lat' dir='ltr'><strong>totius</strong></span> <span class='ocrx_word' id='word_1_91' title='bbox 989 848 1145 898; x_wconf 77' lang='lat' dir='ltr'><strong>imperii</strong></span> <span class='ocrx_word' id='word_1_92' title='bbox 1177 848 1354 884; x_wconf 82' lang='lat' dir='ltr'><em>Romam·</em></span> <span class='ocrx_word' id='word_1_93' title='bbox 1372 860 1479 898; x_wconf 80' lang='lat' dir='ltr'><strong>pax,</strong></span> <span class='ocrx_word' id='word_1_94' title='bbox 1509 843 1578 881; x_wconf 90' lang='lat' dir='ltr'><strong>di-</strong></span> 
     </span>
     <span class='ocr_line' id='line_1_12' title="bbox 259 898 1579 951; baseline -0.001 -16"><span class='ocrx_word' id='word_1_95' title='bbox 259 899 370 937; x_wconf 85' lang='lat' dir='ltr'><strong>citur</strong></span> <span class='ocrx_word' id='word_1_96' title='bbox 390 899 512 937; x_wconf 78' lang='lat' dir='ltr'><strong>Vnius</strong></span> <span class='ocrx_word' id='word_1_97' title='bbox 534 900 756 951; x_wconf 83' lang='lat' dir='ltr'><strong>imperium</strong></span> <span class='ocrx_word' id='word_1_98' title='bbox 773 900 871 938; x_wconf 86' lang='lat' dir='ltr'><strong>inde</strong></span> <span class='ocrx_word' id='word_1_99' title='bbox 894 901 942 938; x_wconf 81' lang='lat' dir='ltr'><strong>ab</strong></span> <span class='ocrx_word' id='word_1_100' title='bbox 968 898 1139 951; x_wconf 78' lang='lat' dir='ltr'><strong>Augusti</strong></span> <span class='ocrx_word' id='word_1_101' title='bbox 1159 906 1347 950; x_wconf 85' lang='lat' dir='ltr'><strong>tempore</strong></span> <span class='ocrx_word' id='word_1_102' title='bbox 1369 901 1429 938; x_wconf 81' lang='lat' dir='ltr'><strong>ita</strong></span> <span class='ocrx_word' id='word_1_103' title='bbox 1449 899 1579 937; x_wconf 75' lang='lat' dir='ltr'><strong>stabi-</strong></span> 
     </span>
     <span class='ocr_line' id='line_1_13' title="bbox 257 953 1581 1002; baseline 0.001 -11"><span class='ocrx_word' id='word_1_104' title='bbox 257 953 404 1002; x_wconf 80' lang='lat' dir='ltr'><strong>litum,</strong></span> <span class='ocrx_word' id='word_1_105' title='bbox 441 960 488 992; x_wconf 88' lang='lat' dir='ltr'><strong>vt</strong></span> <span class='ocrx_word' id='word_1_106' title='bbox 517 955 659 993; x_wconf 88' lang='lat' dir='ltr'><strong>nullus</strong></span> <span class='ocrx_word' id='word_1_107' title='bbox 691 955 845 994; x_wconf 86' lang='lat' dir='ltr'><strong>ciuium</strong></span> <span class='ocrx_word' id='word_1_108' title='bbox 871 955 1154 994; x_wconf 83' lang='lat' dir='ltr'><strong>Romanorum</strong></span> <span class='ocrx_word' id='word_1_109' title='bbox 1184 955 1290 993; x_wconf 87' lang='lat' dir='ltr'><strong>iusto</strong></span> <span class='ocrx_word' id='word_1_110' title='bbox 1328 956 1440 993; x_wconf 88' lang='lat' dir='ltr'><strong>bello</strong></span> <span class='ocrx_word' id='word_1_111' title='bbox 1484 967 1581 993; x_wconf 89' lang='lat' dir='ltr'><strong>cum</strong></span> 
     </span>
     <span class='ocr_line' id='line_1_14' title="bbox 256 1009 1586 1074; baseline -0.002 -25"><span class='ocrx_word' id='word_1_112' title='bbox 256 1012 515 1060; x_wconf 80' lang='lat' dir='ltr'><strong>Imperatore</strong></span> <span class='ocrx_word' id='word_1_113' title='bbox 538 1010 793 1049; x_wconf 79' lang='lat' dir='ltr'><strong>contendere</strong></span> <span class='ocrx_word' id='word_1_114' title='bbox 812 1011 952 1074; x_wconf 87' lang='lat' dir='ltr'><strong>possit.</strong></span> <span class='ocrx_word' id='word_1_115' title='bbox 1007 1009 1115 1048; x_wconf 87' lang='lat' dir='ltr'><strong>Nam</strong></span> <span class='ocrx_word' id='word_1_116' title='bbox 1131 1011 1212 1048; x_wconf 81' lang='lat' dir='ltr'><strong>ista</strong></span> <span class='ocrx_word' id='word_1_117' title='bbox 1236 1011 1279 1048; x_wconf 90' lang='lat' dir='ltr'><strong>in</strong></span> <span class='ocrx_word' id='word_1_118' title='bbox 1303 1011 1466 1048; x_wconf 86' lang='lat' dir='ltr'><strong>oriente</strong></span> <span class='ocrx_word' id='word_1_119' title='bbox 1489 1009 1586 1051; x_wconf 46' lang='lat' dir='ltr'><strong>bele</strong></span> 
     </span>
     <span class='ocr_line' id='line_1_15' title="bbox 255 1064 1584 1118; baseline 0.001 -17"><span class='ocrx_word' id='word_1_120' title='bbox 255 1064 322 1112; x_wconf 84' lang='lat' dir='ltr'><strong>la,</strong></span> <span class='ocrx_word' id='word_1_121' title='bbox 352 1078 456 1115; x_wconf 83' lang='lat' dir='ltr'><strong>quae</strong></span> <span class='ocrx_word' id='word_1_122' title='bbox 475 1064 607 1104; x_wconf 76' lang='lat' dir='ltr'><strong>faber</strong></span> <span class='ocrx_word' id='word_1_123' title='bbox 629 1066 741 1105; x_wconf 83' lang='lat' dir='ltr'><strong>infra</strong></span> <span class='ocrx_word' id='word_1_124' title='bbox 759 1066 915 1118; x_wconf 82' lang='lat' dir='ltr'><strong>tangit,</strong></span> <span class='ocrx_word' id='word_1_125' title='bbox 945 1072 987 1104; x_wconf 85' lang='lat' dir='ltr'><strong>et</strong></span> <span class='ocrx_word' id='word_1_126' title='bbox 1006 1079 1159 1118; x_wconf 78' lang='lat' dir='ltr'><strong>perpei</strong></span> <span class='ocrx_word' id='word_1_127' title='bbox 1161 1080 1226 1103; x_wconf 79' lang='lat' dir='ltr'><strong>am</strong></span> <span class='ocrx_word' id='word_1_128' title='bbox 1248 1066 1321 1103; x_wconf 90' lang='lat' dir='ltr'><strong>sub</strong></span> <span class='ocrx_word' id='word_1_129' title='bbox 1358 1064 1584 1116; x_wconf 56' lang='lat' dir='ltr'><strong>claremont-</strong></span> 
     </span>
     <span class='ocr_line' id='line_1_16' title="bbox 253 1119 1583 1175; baseline -0.002 -15.994"><span class='ocrx_word' id='word_1_130' title='bbox 253 1133 340 1169; x_wconf 69' lang='lat' dir='ltr'><strong>atq)</strong></span> <span class='ocrx_word' id='word_1_131' title='bbox 374 1122 546 1175; x_wconf 78' lang='grc' dir='ltr'><em>πολέμῳ</em></span> <span class='ocrx_word' id='word_1_132' title='bbox 577 1121 797 1173; x_wconf 81' lang='lat' dir='ltr'><strong>intelligit,</strong></span> <span class='ocrx_word' id='word_1_133' title='bbox 833 1136 911 1173; x_wconf 88' lang='lat' dir='ltr'><strong>pro</strong></span> <span class='ocrx_word' id='word_1_134' title='bbox 942 1120 1075 1160; x_wconf 86' lang='lat' dir='ltr'><strong>nihilo</strong></span> <span class='ocrx_word' id='word_1_135' title='bbox 1106 1122 1296 1160; x_wconf 82' lang='lat' dir='ltr'><strong>habenda</strong></span> <span class='ocrx_word' id='word_1_136' title='bbox 1326 1127 1444 1168; x_wconf 83' lang='lat' dir='ltr'><strong>sunt,</strong></span> <span class='ocrx_word' id='word_1_137' title='bbox 1471 1126 1519 1158; x_wconf 85' lang='lat' dir='ltr'><strong>vt</strong></span> <span class='ocrx_word' id='word_1_138' title='bbox 1538 1119 1583 1157; x_wconf 88' lang='lat' dir='ltr'><strong>in</strong></span> 
     </span>
     <span class='ocr_line' id='line_1_17' title="bbox 255 1149 1582 1228; baseline -0.002 -15"><span class='ocrx_word' id='word_1_139' title='bbox 255 1176 407 1227; x_wconf 80' lang='lat' dir='ltr'><strong>quibus</strong></span> <span class='ocrx_word' id='word_1_140' title='bbox 428 1189 513 1214; x_wconf 88' lang='lat' dir='ltr'><strong>non</strong></span> <span class='ocrx_word' id='word_1_141' title='bbox 533 1178 642 1215; x_wconf 85' lang='lat' dir='ltr'><strong>inter</strong></span> <span class='ocrx_word' id='word_1_142' title='bbox 663 1191 705 1215; x_wconf 92' lang='lat' dir='ltr'><strong>se</strong></span> <span class='ocrx_word' id='word_1_143' title='bbox 734 1177 909 1215; x_wconf 81' lang='lat' dir='ltr'><strong>Romani</strong></span> <span class='ocrx_word' id='word_1_144' title='bbox 932 1190 1027 1215; x_wconf 89' lang='lat' dir='ltr'><strong>cum</strong></span> <span class='ocrx_word' id='word_1_145' title='bbox 1055 1176 1245 1228; x_wconf 83' lang='lat' dir='ltr'><strong>periculo</strong></span> <span class='ocrx_word' id='word_1_146' title='bbox 1273 1176 1413 1215; x_wconf 81' lang='lat' dir='ltr'><strong>salutis</strong></span> <span class='ocrx_word' id='word_1_147' title='bbox 1433 1149 1582 1226; x_wconf 73' lang='lat' dir='ltr'><strong>&#39;publi-</strong></span> 
     </span>
     <span class='ocr_line' id='line_1_18' title="bbox 255 1230 1583 1283; baseline -0.001 -15"><span class='ocrx_word' id='word_1_148' title='bbox 255 1244 330 1269; x_wconf 83' lang='lat' dir='ltr'><strong>cae</strong></span> <span class='ocrx_word' id='word_1_149' title='bbox 349 1231 620 1271; x_wconf 80' lang='lat' dir='ltr'><strong>decertarint.</strong></span> <span class='ocrx_word' id='word_1_150' title='bbox 677 1231 788 1271; x_wconf 83' lang='lat' dir='ltr'><strong>Haec</strong></span> <span class='ocrx_word' id='word_1_151' title='bbox 806 1232 1000 1271; x_wconf 88' lang='lat' dir='ltr'><strong>vniuerse</strong></span> <span class='ocrx_word' id='word_1_152' title='bbox 1034 1232 1144 1270; x_wconf 77' lang='lat' dir='ltr'><strong>dicta</strong></span> <span class='ocrx_word' id='word_1_153' title='bbox 1173 1231 1367 1283; x_wconf 84' lang='lat' dir='ltr'><strong>deinceps</strong></span> <span class='ocrx_word' id='word_1_154' title='bbox 1396 1230 1583 1270; x_wconf 81' lang='lat' dir='ltr'><strong>clariora</strong></span> 
     </span>
     <span class='ocr_line' id='line_1_19' title="bbox 251 1284 1583 1339; baseline -0.001 -16"><span class='ocrx_word' id='word_1_155' title='bbox 251 1286 379 1324; x_wconf 78' lang='lat' dir='ltr'><strong>-fientz</strong></span> <span class='ocrx_word' id='word_1_156' title='bbox 410 1286 634 1326; x_wconf 85' lang='lat' dir='ltr'><strong>dicendum</strong></span> <span class='ocrx_word' id='word_1_157' title='bbox 659 1288 770 1326; x_wconf 86' lang='lat' dir='ltr'><strong>enim</strong></span> <span class='ocrx_word' id='word_1_158' title='bbox 793 1287 845 1326; x_wconf 90' lang='lat' dir='ltr'><strong>de</strong></span> <span class='ocrx_word' id='word_1_159' title='bbox 865 1287 1033 1339; x_wconf 77' lang='lat' dir='ltr'><strong>singulis</strong></span> <span class='ocrx_word' id='word_1_160' title='bbox 1059 1287 1301 1339; x_wconf 83' lang='lat' dir='ltr'><strong>quibusdam</strong></span> <span class='ocrx_word' id='word_1_161' title='bbox 1326 1285 1474 1325; x_wconf 60' lang='lat' dir='ltr'><strong>verbis</strong></span> <span class='ocrx_word' id='word_1_162' title='bbox 1499 1284 1583 1323; x_wconf 90' lang='lat' dir='ltr'><strong>huc</strong></span> 
     </span>
     <span class='ocr_line' id='line_1_20' title="bbox 255 1340 1582 1395; baseline -0.001 -16"><span class='ocrx_word' id='word_1_163' title='bbox 255 1341 575 1394; x_wconf 75' lang='lat' dir='ltr'><strong>pertinentibus,</strong></span> <span class='ocrx_word' id='word_1_164' title='bbox 633 1342 716 1383; x_wconf 65' lang='lat' dir='ltr'><strong>Sed</strong></span> <span class='ocrx_word' id='word_1_165' title='bbox 734 1342 877 1395; x_wconf 87' lang='lat' dir='ltr'><strong>dignus</strong></span> <span class='ocrx_word' id='word_1_166' title='bbox 900 1349 962 1382; x_wconf 85' lang='lat' dir='ltr'><strong>est</strong></span> <span class='ocrx_word' id='word_1_167' title='bbox 997 1343 1133 1391; x_wconf 86' lang='lat' dir='ltr'><strong>locus,</strong></span> <span class='ocrx_word' id='word_1_168' title='bbox 1180 1342 1293 1380; x_wconf 85' lang='lat' dir='ltr'><strong>cuius</strong></span> <span class='ocrx_word' id='word_1_169' title='bbox 1320 1341 1447 1380; x_wconf 87' lang='lat' dir='ltr'><strong>lectio</strong></span> <span class='ocrx_word' id='word_1_170' title='bbox 1479 1340 1582 1378; x_wconf 88' lang='lat' dir='ltr'><strong>dili-</strong></span> 
     </span>
     <span class='ocr_line' id='line_1_21' title="bbox 257 1395 1583 1451; baseline -0.001 -17"><span class='ocrx_word' id='word_1_171' title='bbox 257 1398 418 1448; x_wconf 85' lang='lat' dir='ltr'><strong>gentius</strong></span> <span class='ocrx_word' id='word_1_172' title='bbox 449 1399 704 1451; x_wconf 71' lang='lat' dir='ltr'><strong>exquiratur.</strong></span> <span class='ocrx_word' id='word_1_173' title='bbox 761 1398 808 1436; x_wconf 90' lang='lat' dir='ltr'><strong>In</strong></span> <span class='ocrx_word' id='word_1_174' title='bbox 833 1398 960 1437; x_wconf 81' lang='lat' dir='ltr'><strong>Paris.</strong></span> <span class='ocrx_word' id='word_1_175' title='bbox 993 1398 1082 1438; x_wconf 88' lang='lat' dir='ltr'><strong>cod.</strong></span> <span class='ocrx_word' id='word_1_176' title='bbox 1116 1397 1309 1436; x_wconf 88' lang='lat' dir='ltr'><strong>Pearcius</strong></span> <span class='ocrx_word' id='word_1_177' title='bbox 1338 1395 1468 1435; x_wconf 82' lang='lat' dir='ltr'><strong>tradit</strong></span> <span class='ocrx_word' id='word_1_178' title='bbox 1493 1407 1583 1433; x_wconf 87' lang='lat' dir='ltr'><strong>esse</strong></span> 
     </span>
     <span class='ocr_line' id='line_1_22' title="bbox 257 1450 1585 1508; baseline -0.001 -16"><span class='ocrx_word' id='word_1_179' title='bbox 257 1468 381 1507; x_wconf 83' lang='grc' dir='ltr'><em>μηπο</em></span> <span class='ocrx_word' id='word_1_180' title='bbox 401 1469 459 1504; x_wconf 82' lang='grc' dir='ltr'><strong>χη</strong></span> <span class='ocrx_word' id='word_1_181' title='bbox 492 1470 543 1503; x_wconf 78' lang='grc' dir='ltr'><strong>ης</strong></span> <span class='ocrx_word' id='word_1_182' title='bbox 574 1457 850 1508; x_wconf 78' lang='grc' dir='ltr'>οἰκοιμένης.·</span> <span class='ocrx_word' id='word_1_183' title='bbox 882 1453 1043 1492; x_wconf 86' lang='lat' dir='ltr'><strong>Tollius</strong></span> <span class='ocrx_word' id='word_1_184' title='bbox 1076 1460 1213 1492; x_wconf 83' lang='lat' dir='ltr'><strong>autem</strong></span> <span class='ocrx_word' id='word_1_185' title='bbox 1244 1453 1410 1508; x_wconf 82' lang='grc' dir='ltr'><em>μήποτε</em></span> <span class='ocrx_word' id='word_1_186' title='bbox 1445 1450 1487 1491; x_wconf 83' lang='grc' dir='ltr'><strong><em>ά</em></strong></span> <span class='ocrx_word' id='word_1_187' title='bbox 1514 1464 1585 1502; x_wconf 77' lang='grc' dir='ltr'><strong>χει</strong></span> 
     </span>
     <span class='ocr_line' id='line_1_23' title="bbox 257 1508 1584 1564; baseline -0.002 -16"><span class='ocrx_word' id='word_1_188' title='bbox 257 1509 330 1557; x_wconf 78' lang='grc' dir='ltr'><strong>τῆς</strong></span> <span class='ocrx_word' id='word_1_189' title='bbox 359 1514 625 1564; x_wconf 65' lang='grc' dir='ltr'><strong><em>οἰκουμένης.</em></strong></span> <span class='ocrx_word' id='word_1_190' title='bbox 683 1509 731 1548; x_wconf 89' lang='lat' dir='ltr'><strong>In</strong></span> <span class='ocrx_word' id='word_1_191' title='bbox 754 1509 1135 1549; x_wconf 82' lang='lat' dir='ltr'><strong>cod.Ambr.inte1</strong></span> <span class='ocrx_word' id='word_1_192' title='bbox 1163 1508 1327 1563; x_wconf 75' lang='grc' dir='ltr'><em>μήποτε</em></span> <span class='ocrx_word' id='word_1_193' title='bbox 1359 1514 1402 1546; x_wconf 83' lang='lat' dir='ltr'><strong>et</strong></span> <span class='ocrx_word' id='word_1_194' title='bbox 1431 1512 1584 1547; x_wconf 83' lang='grc' dir='ltr'><strong><em>οἰκου-</em></strong></span> 
     </span>
     <span class='ocr_line' id='line_1_24' title="bbox 254 1565 1583 1618; baseline -0.004 -13.989"><span class='ocrx_word' id='word_1_195' title='bbox 254 1568 387 1618; x_wconf 74' lang='grc' dir='ltr'><em>μένης</em></span> <span class='ocrx_word' id='word_1_196' title='bbox 404 1566 585 1617; x_wconf 85' lang='lat' dir='ltr'><strong>spatium</strong></span> <span class='ocrx_word' id='word_1_197' title='bbox 606 1565 827 1604; x_wconf 86' lang='lat' dir='ltr'><strong>duodecim</strong></span> <span class='ocrx_word' id='word_1_198' title='bbox 848 1565 1016 1603; x_wconf 85' lang='lat' dir='ltr'><strong>circiter</strong></span> <span class='ocrx_word' id='word_1_199' title='bbox 1036 1565 1272 1603; x_wconf 84' lang='lat' dir='ltr'><strong>litterarum</strong></span> <span class='ocrx_word' id='word_1_200' title='bbox 1303 1577 1477 1602; x_wconf 86' lang='lat' dir='ltr'><strong>vacuum</strong></span> <span class='ocrx_word' id='word_1_201' title='bbox 1509 1574 1583 1600; x_wconf 85' lang='lat' dir='ltr'><strong>re-</strong></span> 
     </span>
    </p>
   </div>
   <div class='ocr_carea' id='block_1_3' title="bbox 252 1618 1703 1671">
    <p class='ocr_par' dir='ltr' id='par_1_3' title="bbox 252 1618 1703 1671">
     <span class='ocr_line' id='line_1_25' title="bbox 252 1618 1703 1671; baseline -0.003 -13"><span class='ocrx_word' id='word_1_202' title='bbox 252 1620 404 1658; x_wconf 81' lang='lat' dir='ltr'><strong>lictum</strong></span> <span class='ocrx_word' id='word_1_203' title='bbox 429 1627 502 1668; x_wconf 86' lang='lat' dir='ltr'><strong>est,</strong></span> <span class='ocrx_word' id='word_1_204' title='bbox 531 1627 580 1659; x_wconf 84' lang='lat' dir='ltr'><strong>vt</strong></span> <span class='ocrx_word' id='word_1_205' title='bbox 598 1626 777 1659; x_wconf 80' lang='lat' dir='ltr'><strong>testatur</strong></span> <span class='ocrx_word' id='word_1_206' title='bbox 799 1620 927 1671; x_wconf 84' lang='lat' dir='ltr'><strong>Marq.</strong></span> <span class='ocrx_word' id='word_1_207' title='bbox 947 1620 1116 1667; x_wconf 85' lang='lat' dir='ltr'><strong>Gudius,</strong></span> <span class='ocrx_word' id='word_1_208' title='bbox 1145 1633 1229 1658; x_wconf 90' lang='lat' dir='ltr'><strong>non</strong></span> <span class='ocrx_word' id='word_1_209' title='bbox 1249 1619 1423 1658; x_wconf 86' lang='lat' dir='ltr'><strong>totidem</strong></span> <span class='ocrx_word' id='word_1_210' title='bbox 1445 1618 1584 1656; x_wconf 77' lang='lat' dir='ltr'><strong>linea..</strong></span> <span class='ocrx_word' id='word_1_211' title='bbox 1645 1653 1647 1655; x_wconf 78' lang='grc'>,</span> <span class='ocrx_word' id='word_1_212' title='bbox 1696 1623 1703 1654; x_wconf 64' lang='lat'><strong>4</strong></span> 
     </span>
    </p>
   </div>
   <div class='ocr_carea' id='block_1_4' title="bbox 240 1673 1587 2677">
    <p class='ocr_par' dir='ltr' id='par_1_4' title="bbox 250 1673 1586 2171">
     <span class='ocr_line' id='line_1_26' title="bbox 250 1673 1584 1727; baseline -0.004 -13"><span class='ocrx_word' id='word_1_213' title='bbox 250 1689 376 1724; x_wconf 71' lang='lat' dir='ltr'><strong>sum,</strong></span> <span class='ocrx_word' id='word_1_214' title='bbox 399 1682 448 1714; x_wconf 86' lang='lat' dir='ltr'><strong>vt</strong></span> <span class='ocrx_word' id='word_1_215' title='bbox 468 1675 838 1715; x_wconf 81' lang='lat' dir='ltr'><strong>Schurzfleischius</strong></span> <span class='ocrx_word' id='word_1_216' title='bbox 855 1690 894 1727; x_wconf 86' lang='lat' dir='ltr'><strong>p.</strong></span> <span class='ocrx_word' id='word_1_217' title='bbox 917 1675 982 1714; x_wconf 84' lang='lat'><strong>68.</strong></span> <span class='ocrx_word' id='word_1_218' title='bbox 1002 1675 1140 1714; x_wconf 87' lang='lat' dir='ltr'><strong>tradit.</strong></span> <span class='ocrx_word' id='word_1_219' title='bbox 1187 1676 1233 1714; x_wconf 90' lang='lat' dir='ltr'><strong>In</strong></span> <span class='ocrx_word' id='word_1_220' title='bbox 1255 1676 1328 1715; x_wconf 69' lang='lat' dir='ltr'><strong>ed.¹</strong></span> <span class='ocrx_word' id='word_1_221' title='bbox 1345 1688 1378 1713; x_wconf 85' lang='lat'><strong>1.</strong></span> <span class='ocrx_word' id='word_1_222' title='bbox 1402 1673 1584 1724; x_wconf 84' lang='lat' dir='ltr'><strong>spatium</strong></span> 
     </span>
     <span class='ocr_line' id='line_1_27' title="bbox 252 1727 1584 1782; baseline -0.003 -14"><span class='ocrx_word' id='word_1_223' title='bbox 252 1730 358 1769; x_wconf 75' lang='lat' dir='ltr'><strong>item</strong></span> <span class='ocrx_word' id='word_1_224' title='bbox 382 1744 456 1769; x_wconf 86' lang='lat' dir='ltr'><strong>sex</strong></span> <span class='ocrx_word' id='word_1_225' title='bbox 472 1731 562 1769; x_wconf 84' lang='lat' dir='ltr'><strong>fere</strong></span> <span class='ocrx_word' id='word_1_226' title='bbox 589 1731 827 1770; x_wconf 81' lang='lat' dir='ltr'><strong>litterarum</strong></span> <span class='ocrx_word' id='word_1_227' title='bbox 855 1744 1007 1782; x_wconf 86' lang='lat' dir='ltr'><strong>purum</strong></span> <span class='ocrx_word' id='word_1_228' title='bbox 1044 1737 1104 1768; x_wconf 89' lang='lat' dir='ltr'><strong>est</strong></span> <span class='ocrx_word' id='word_1_229' title='bbox 1144 1732 1350 1769; x_wconf 86' lang='lat' dir='ltr'><strong>relictum.</strong></span> <span class='ocrx_word' id='word_1_230' title='bbox 1409 1727 1584 1768; x_wconf 80' lang='lat' dir='ltr'><strong>Secutus</strong></span> 
     </span>
     <span class='ocr_line' id='line_1_28' title="bbox 253 1783 1584 1848; baseline -0.002 -24"><span class='ocrx_word' id='word_1_231' title='bbox 253 1786 386 1837; x_wconf 84' lang='lat' dir='ltr'><strong>:igitur</strong></span> <span class='ocrx_word' id='word_1_232' title='bbox 408 1787 454 1824; x_wconf 90' lang='lat' dir='ltr'><strong>in</strong></span> <span class='ocrx_word' id='word_1_233' title='bbox 473 1786 622 1825; x_wconf 87' lang='lat' dir='ltr'><strong>ceteris</strong></span> <span class='ocrx_word' id='word_1_234' title='bbox 639 1786 675 1826; x_wconf 81' lang='grc' dir='ltr'><strong>Γ</strong></span> <span class='ocrx_word' id='word_1_235' title='bbox 678 1785 824 1824; x_wconf 75' lang='lat' dir='ltr'><strong>ollium</strong></span> <span class='ocrx_word' id='word_1_236' title='bbox 841 1786 1074 1848; x_wconf 83' lang='lat' dir='ltr'><strong>interposui</strong></span> <span class='ocrx_word' id='word_1_237' title='bbox 1097 1790 1195 1835; x_wconf 79' lang='grc' dir='ltr'><em>καὶ,</em></span> <span class='ocrx_word' id='word_1_238' title='bbox 1227 1785 1336 1838; x_wconf 89' lang='lat' dir='ltr'><strong>quod</strong></span> <span class='ocrx_word' id='word_1_239' title='bbox 1355 1785 1487 1823; x_wconf 84' lang='lat' dir='ltr'><strong>latere</strong></span> <span class='ocrx_word' id='word_1_240' title='bbox 1517 1783 1584 1821; x_wconf 83' lang='lat' dir='ltr'><strong>vi-</strong></span> 
     </span>
     <span class='ocr_line' id='line_1_29' title="bbox 255 1837 1585 1894; baseline -0.003 -14"><span class='ocrx_word' id='word_1_241' title='bbox 255 1841 413 1880; x_wconf 82' lang='lat' dir='ltr'><strong>detur</strong></span> <span class='ocrx_word' id='word_1_242' title='bbox 401 1855 448 1879; x_wconf 80' lang='lat' dir='ltr'><strong>in</strong></span> <span class='ocrx_word' id='word_1_243' title='bbox 463 1849 563 1881; x_wconf 87' lang='lat' dir='ltr'><strong>nota</strong></span> <span class='ocrx_word' id='word_1_244' title='bbox 579 1857 629 1894; x_wconf 84' lang='grc' dir='ltr'>χ·</span> <span class='ocrx_word' id='word_1_245' title='bbox 656 1841 766 1880; x_wconf 86' lang='lat' dir='ltr'><strong>hanc</strong></span> <span class='ocrx_word' id='word_1_246' title='bbox 787 1841 898 1879; x_wconf 86' lang='lat' dir='ltr'><strong>enim</strong></span> <span class='ocrx_word' id='word_1_247' title='bbox 924 1840 1111 1880; x_wconf 83' lang='lat' dir='ltr'><strong>litteram</strong></span> <span class='ocrx_word' id='word_1_248' title='bbox 1136 1842 1210 1880; x_wconf 87' lang='lat' dir='ltr'><strong>ille</strong></span> <span class='ocrx_word' id='word_1_249' title='bbox 1240 1840 1437 1892; x_wconf 83' lang='lat' dir='ltr'><strong>neglexit.</strong></span> <span class='ocrx_word' id='word_1_250' title='bbox 1494 1837 1585 1877; x_wconf 83' lang='lat' dir='ltr'><strong>Iam</strong></span> 
     </span>
     <span class='ocr_line' id='line_1_30' title="bbox 256 1895 1584 1947; baseline -0.002 -12"><span class='ocrx_word' id='word_1_251' title='bbox 256 1897 400 1935; x_wconf 82' lang='lat' dir='ltr'><strong>verbis</strong></span> <span class='ocrx_word' id='word_1_252' title='bbox 428 1898 487 1936; x_wconf 84' lang='lat' dir='ltr'><strong>ita</strong></span> <span class='ocrx_word' id='word_1_253' title='bbox 509 1896 769 1945; x_wconf 84' lang='lat' dir='ltr'><strong>constitutis,</strong></span> <span class='ocrx_word' id='word_1_254' title='bbox 812 1899 854 1935; x_wconf 85' lang='lat' dir='ltr'><strong>et</strong></span> <span class='ocrx_word' id='word_1_255' title='bbox 883 1895 1023 1935; x_wconf 81' lang='lat' dir='ltr'><strong>addita</strong></span> <span class='ocrx_word' id='word_1_256' title='bbox 1047 1897 1228 1935; x_wconf 74' lang='lat' dir='ltr'><strong>maxime</strong></span> <span class='ocrx_word' id='word_1_257' title='bbox 1257 1895 1465 1947; x_wconf 83' lang='lat' dir='ltr'><strong>particula</strong></span> <span class='ocrx_word' id='word_1_258' title='bbox 1496 1909 1584 1943; x_wconf 75' lang='grc' dir='ltr'><strong>και,</strong></span> 
     </span>
     <span class='ocr_line' id='line_1_31' title="bbox 254 1951 1585 2005; baseline -0.002 -15"><span class='ocrx_word' id='word_1_259' title='bbox 254 1953 448 1991; x_wconf 86' lang='lat' dir='ltr'><strong>concedit</strong></span> <span class='ocrx_word' id='word_1_260' title='bbox 476 1952 682 2005; x_wconf 85' lang='lat' dir='ltr'><strong>Longinus</strong></span> <span class='ocrx_word' id='word_1_261' title='bbox 723 1951 974 2004; x_wconf 82' lang='lat' dir='ltr'><strong>philosopho</strong></span> <span class='ocrx_word' id='word_1_262' title='bbox 1005 1952 1075 1990; x_wconf 88' lang='lat' dir='ltr'><strong>vel</strong></span> <span class='ocrx_word' id='word_1_263' title='bbox 1104 1966 1206 1991; x_wconf 77' lang='lat' dir='ltr'><strong>vero</strong></span> <span class='ocrx_word' id='word_1_264' title='bbox 1232 1952 1302 1990; x_wconf 83' lang='lat' dir='ltr'><strong>vel</strong></span> <span class='ocrx_word' id='word_1_265' title='bbox 1330 1951 1450 1998; x_wconf 86' lang='lat' dir='ltr'><strong>ficto,</strong></span> <span class='ocrx_word' id='word_1_266' title='bbox 1490 1962 1585 1988; x_wconf 90' lang='lat' dir='ltr'><strong>cum</strong></span> 
     </span>
     <span class='ocr_line' id='line_1_32' title="bbox 253 2004 1585 2070; baseline -0.003 -25"><span class='ocrx_word' id='word_1_267' title='bbox 253 2007 407 2046; x_wconf 76' lang='lat' dir='ltr'><strong>amissa</strong></span> <span class='ocrx_word' id='word_1_268' title='bbox 421 2009 617 2048; x_wconf 83' lang='lat' dir='ltr'><strong>libertate</strong></span> <span class='ocrx_word' id='word_1_269' title='bbox 640 2007 865 2049; x_wconf 85' lang='lat' dir='ltr'><strong>concidisse</strong></span> <span class='ocrx_word' id='word_1_270' title='bbox 889 2007 1187 2070; x_wconf 84' lang='lat' dir='ltr'><strong>eloquentiam,</strong></span> <span class='ocrx_word' id='word_1_271' title='bbox 1215 2007 1285 2046; x_wconf 89' lang='lat' dir='ltr'><strong>sed</strong></span> <span class='ocrx_word' id='word_1_272' title='bbox 1307 2005 1432 2044; x_wconf 90' lang='lat' dir='ltr'><strong>simul</strong></span> <span class='ocrx_word' id='word_1_273' title='bbox 1453 2004 1585 2055; x_wconf 81' lang='lat' dir='ltr'><strong>signi-</strong></span> 
     </span>
     <span class='ocr_line' id='line_1_33' title="bbox 255 2059 1586 2117; baseline -0.003 -16"><span class='ocrx_word' id='word_1_274' title='bbox 255 2062 376 2113; x_wconf 70' lang='lat' dir='ltr'><strong>ficut,</strong></span> <span class='ocrx_word' id='word_1_275' title='bbox 402 2077 504 2116; x_wconf 88' lang='lat' dir='ltr'><strong>pace</strong></span> <span class='ocrx_word' id='word_1_276' title='bbox 525 2078 602 2117; x_wconf 87' lang='lat' dir='ltr'><strong>per</strong></span> <span class='ocrx_word' id='word_1_277' title='bbox 619 2070 755 2103; x_wconf 83' lang='lat' dir='ltr'><strong>totum</strong></span> <span class='ocrx_word' id='word_1_278' title='bbox 779 2063 924 2103; x_wconf 82' lang='lat' dir='ltr'><strong>cibem</strong></span> <span class='ocrx_word' id='word_1_279' title='bbox 958 2062 1042 2103; x_wconf 84' lang='lat' dir='ltr'><strong>iam</strong></span> <span class='ocrx_word' id='word_1_280' title='bbox 1061 2063 1275 2104; x_wconf 89' lang='lat' dir='ltr'><strong>obtinente</strong></span> <span class='ocrx_word' id='word_1_281' title='bbox 1304 2062 1506 2100; x_wconf 82' lang='lat' dir='ltr'><strong>iacturam</strong></span> <span class='ocrx_word' id='word_1_282' title='bbox 1527 2059 1586 2097; x_wconf 89' lang='lat' dir='ltr'><strong>il-</strong></span> 
     </span>
     <span class='ocr_line' id='line_1_34' title="bbox 255 2118 636 2171; baseline 0.005 -14"><span class='ocrx_word' id='word_1_283' title='bbox 255 2119 340 2157; x_wconf 85' lang='lat' dir='ltr'><strong>lam</strong></span> <span class='ocrx_word' id='word_1_284' title='bbox 364 2118 636 2171; x_wconf 82' lang='lat' dir='ltr'><strong>compensari.</strong></span> 
     </span>
    </p>

    <p class='ocr_par' dir='ltr' id='par_1_5' title="bbox 240 2171 1587 2677">
     <span class='ocr_line' id='line_1_35' title="bbox 340 2171 1585 2231; baseline -0.002 -17"><span class='ocrx_word' id='word_1_285' title='bbox 340 2174 365 2215; x_wconf 86' lang='grc' dir='ltr'>ὁ</span> <span class='ocrx_word' id='word_1_286' title='bbox 386 2180 575 2228; x_wconf 74' lang='grc' dir='ltr'><em>κατέχων</em></span> <span class='ocrx_word' id='word_1_287' title='bbox 592 2174 714 2231; x_wconf 76' lang='grc' dir='ltr'><strong>ἡμῶν</strong></span> <span class='ocrx_word' id='word_1_288' title='bbox 737 2191 813 2219; x_wconf 84' lang='grc' dir='ltr'><strong>τας</strong></span> <span class='ocrx_word' id='word_1_289' title='bbox 845 2175 1084 2229; x_wconf 72' lang='grc' dir='ltr'><strong><em>ἐπιθυμίας</em></strong></span> <span class='ocrx_word' id='word_1_290' title='bbox 1112 2171 1410 2226; x_wconf 75' lang='grc' dir='ltr'><em>οἷπεριόριστος</em></span> <span class='ocrx_word' id='word_1_291' title='bbox 1440 2171 1585 2212; x_wconf 78' lang='grc' dir='ltr'><em>οὑτοσὶ</em></span> 
     </span>
     <span class='ocr_line' id='line_1_36' title="bbox 255 2229 1584 2285; baseline -0.002 -15"><span class='ocrx_word' id='word_1_292' title='bbox 255 2229 457 2285; x_wconf 81' lang='grc' dir='ltr'><strong><em>πόλεμος]</em></strong></span> <span class='ocrx_word' id='word_1_293' title='bbox 490 2231 653 2270; x_wconf 75' lang='lat' dir='ltr'><strong>Tollius</strong></span> <span class='ocrx_word' id='word_1_294' title='bbox 680 2230 830 2271; x_wconf 86' lang='lat' dir='ltr'><strong>vertit:</strong></span> <span class='ocrx_word' id='word_1_295' title='bbox 872 2232 982 2285; x_wconf 82' lang='lat' dir='ltr'><strong>quod</strong></span> <span class='ocrx_word' id='word_1_296' title='bbox 1010 2230 1147 2269; x_wconf 72' lang='lat' dir='ltr'><strong>studia</strong></span> <span class='ocrx_word' id='word_1_297' title='bbox 1176 2237 1314 2269; x_wconf 75' lang='lat' dir='ltr'><strong>nostra</strong></span> <span class='ocrx_word' id='word_1_298' title='bbox 1340 2229 1498 2269; x_wconf 73' lang='lat' dir='ltr'><strong>cohibet</strong></span> <span class='ocrx_word' id='word_1_299' title='bbox 1533 2243 1584 2267; x_wconf 81' lang='lat' dir='ltr'><strong>ac</strong></span> 
     </span>
     <span class='ocr_line' id='line_1_37' title="bbox 255 2285 1586 2340; baseline -0.004 -14"><span class='ocrx_word' id='word_1_300' title='bbox 255 2287 456 2340; x_wconf 79' lang='lat' dir='ltr'><strong>refi·enat,</strong></span> <span class='ocrx_word' id='word_1_301' title='bbox 502 2288 656 2327; x_wconf 72' lang='lat' dir='ltr'><strong>bellum.</strong></span> <span class='ocrx_word' id='word_1_302' title='bbox 715 2286 835 2325; x_wconf 79' lang='lat' dir='ltr'><strong>Male</strong></span> <span class='ocrx_word' id='word_1_303' title='bbox 893 2286 1104 2339; x_wconf 80' lang='lat' dir='ltr'><strong>Nusquam</strong></span> <span class='ocrx_word' id='word_1_304' title='bbox 1147 2285 1389 2339; x_wconf 70' lang='grc' dir='ltr'>ἐπιθυμιῶν</span> <span class='ocrx_word' id='word_1_305' title='bbox 1430 2292 1586 2322; x_wconf 84' lang='lat' dir='ltr'><strong>nomen</strong></span> 
     </span>
     <span class='ocr_line' id='line_1_38' title="bbox 253 2339 1587 2395; baseline -0.004 -14"><span class='ocrx_word' id='word_1_306' title='bbox 253 2342 316 2381; x_wconf 77' lang='lat' dir='ltr'><strong>ita</strong></span> <span class='ocrx_word' id='word_1_307' title='bbox 346 2341 595 2394; x_wconf 76' lang='lat' dir='ltr'><strong>simpliciter</strong></span> <span class='ocrx_word' id='word_1_308' title='bbox 622 2342 805 2395; x_wconf 86' lang='lat' dir='ltr'><strong>positum</strong></span> <span class='ocrx_word' id='word_1_309' title='bbox 842 2341 979 2381; x_wconf 82' lang='lat' dir='ltr'><strong>studia</strong></span> <span class='ocrx_word' id='word_1_310' title='bbox 1008 2342 1183 2380; x_wconf 80' lang='lat' dir='ltr'><strong>honesta.</strong></span> <span class='ocrx_word' id='word_1_311' title='bbox 1212 2340 1422 2392; x_wconf 80' lang='lat' dir='ltr'><strong>significat.</strong></span> <span class='ocrx_word' id='word_1_312' title='bbox 1480 2339 1587 2377; x_wconf 81' lang='lat' dir='ltr'><strong>Sunt</strong></span> 
     </span>
     <span class='ocr_line' id='line_1_39' title="bbox 256 2395 1582 2451; baseline -0.002 -16"><span class='ocrx_word' id='word_1_313' title='bbox 256 2398 395 2449; x_wconf 82' lang='lat' dir='ltr'><strong>potius</strong></span> <span class='ocrx_word' id='word_1_314' title='bbox 417 2398 570 2450; x_wconf 87' lang='lat' dir='ltr'><strong>vbique</strong></span> <span class='ocrx_word' id='word_1_315' title='bbox 591 2399 837 2451; x_wconf 74' lang='lat' dir='ltr'><strong>cupiditates</strong></span> <span class='ocrx_word' id='word_1_316' title='bbox 854 2399 1163 2438; x_wconf 68' lang='grc' dir='ltr'><strong>ιεῆεηιεηέίονεε</strong></span> <span class='ocrx_word' id='word_1_317' title='bbox 1184 2405 1224 2435; x_wconf 74' lang='lat' dir='ltr'><strong>et</strong></span> <span class='ocrx_word' id='word_1_318' title='bbox 1246 2411 1399 2449; x_wconf 80' lang='lat' dir='ltr'><strong>pronae</strong></span> <span class='ocrx_word' id='word_1_319' title='bbox 1433 2395 1491 2434; x_wconf 81' lang='lat' dir='ltr'><strong>ad</strong></span> <span class='ocrx_word' id='word_1_320' title='bbox 1516 2396 1582 2434; x_wconf 76' lang='grc' dir='ltr'><strong>νὶ-</strong></span> 
     </span>
     <span class='ocr_line' id='line_1_40' title="bbox 257 2452 1586 2516; baseline -0.004 -24"><span class='ocrx_word' id='word_1_321' title='bbox 257 2457 331 2492; x_wconf 80' lang='lat' dir='ltr'><strong>tia</strong></span> <span class='ocrx_word' id='word_1_322' title='bbox 388 2453 535 2505; x_wconf 86' lang='lat' dir='ltr'><strong>Neque</strong></span> <span class='ocrx_word' id='word_1_323' title='bbox 552 2458 746 2506; x_wconf 74' lang='grc' dir='ltr'><strong>κατέχειν</strong></span> <span class='ocrx_word' id='word_1_324' title='bbox 767 2453 838 2491; x_wconf 84' lang='lat' dir='ltr'><strong>hic</strong></span> <span class='ocrx_word' id='word_1_325' title='bbox 863 2460 924 2493; x_wconf 88' lang='lat' dir='ltr'><strong>est</strong></span> <span class='ocrx_word' id='word_1_326' title='bbox 952 2457 1170 2505; x_wconf 63' lang='lat' dir='ltr'><strong>refrenare,</strong></span> <span class='ocrx_word' id='word_1_327' title='bbox 1209 2452 1282 2489; x_wconf 87' lang='lat' dir='ltr'><strong>sed</strong></span> <span class='ocrx_word' id='word_1_328' title='bbox 1312 2455 1357 2490; x_wconf 82' lang='lat' dir='ltr'><strong>in</strong></span> <span class='ocrx_word' id='word_1_329' title='bbox 1382 2457 1586 2516; x_wconf 75' lang='lat' dir='ltr'><strong>potestate</strong></span> 
     </span>
     <span class='ocr_line' id='line_1_41' title="bbox 255 2502 1586 2577; baseline -0.003 -30"><span class='ocrx_word' id='word_1_330' title='bbox 255 2510 441 2577; x_wconf 34' lang='lat' dir='ltr'><strong>habena</strong></span> <span class='ocrx_word' id='word_1_331' title='bbox 450 2510 650 2549; x_wconf 79' lang='lat' dir='ltr'><strong>moderari</strong></span> <span class='ocrx_word' id='word_1_332' title='bbox 673 2524 748 2563; x_wconf 85' lang='lat' dir='ltr'><strong>pro</strong></span> <span class='ocrx_word' id='word_1_333' title='bbox 775 2509 919 2548; x_wconf 76' lang='lat' dir='ltr'><strong>lubitu.</strong></span> <span class='ocrx_word' id='word_1_334' title='bbox 985 2508 1036 2548; x_wconf 82' lang='lat' dir='ltr'><strong>Ei</strong></span> <span class='ocrx_word' id='word_1_335' title='bbox 1064 2508 1258 2559; x_wconf 83' lang='lat' dir='ltr'><strong>deinceps</strong></span> <span class='ocrx_word' id='word_1_336' title='bbox 1285 2505 1508 2558; x_wconf 84' lang='lat' dir='ltr'><strong>respondet</strong></span> <span class='ocrx_word' id='word_1_337' title='bbox 1536 2502 1586 2544; x_wconf 65' lang='lat' dir='ltr'><strong>to*</strong></span> 
     </span>
     <span class='ocr_line' id='line_1_42' title="bbox 256 2559 1585 2619; baseline -0.008 -13"><span class='ocrx_word' id='word_1_338' title='bbox 256 2567 463 2618; x_wconf 67' lang='grc' dir='ltr'><strong>φρουρεῖν</strong></span> <span class='ocrx_word' id='word_1_339' title='bbox 487 2563 560 2606; x_wconf 78' lang='grc' dir='ltr'><strong>τόν</strong></span> <span class='ocrx_word' id='word_1_340' title='bbox 580 2565 654 2607; x_wconf 76' lang='grc' dir='ltr'><strong>νῦν</strong></span> <span class='ocrx_word' id='word_1_341' title='bbox 675 2568 785 2619; x_wconf 79' lang='grc' dir='ltr'>βίον.</span> <span class='ocrx_word' id='word_1_342' title='bbox 842 2564 1004 2603; x_wconf 83' lang='lat' dir='ltr'><strong>Bellum</strong></span> <span class='ocrx_word' id='word_1_343' title='bbox 1036 2563 1191 2615; x_wconf 86' lang='lat' dir='ltr'><strong>igitur,</strong></span> <span class='ocrx_word' id='word_1_344' title='bbox 1222 2563 1329 2614; x_wconf 89' lang='lat' dir='ltr'><strong>quod</strong></span> <span class='ocrx_word' id='word_1_345' title='bbox 1356 2563 1396 2600; x_wconf 92' lang='lat' dir='ltr'><strong>l1.</strong></span> <span class='ocrx_word' id='word_1_346' title='bbox 1424 2559 1585 2599; x_wconf 76' lang='grc' dir='ltr'>1.(Ιίςί-</span> 
     </span>
     <span class='ocr_line' id='line_1_43' title="bbox 240 2615 1585 2677; baseline -0.005 -17"><span class='ocrx_word' id='word_1_347' title='bbox 240 2627 324 2677; x_wconf 16' lang='lat' dir='ltr'><strong>‘tur</strong></span> <span class='ocrx_word' id='word_1_348' title='bbox 336 2650 347 2669; x_wconf 84' lang='lat'><strong><em>,</em></strong></span> <span class='ocrx_word' id='word_1_349' title='bbox 377 2635 419 2661; x_wconf 60' lang='lat' dir='ltr'><strong>ee</strong></span> <span class='ocrx_word' id='word_1_350' title='bbox 404 2620 671 2663; x_wconf 78' lang='lat' dir='ltr'><strong>thominum</strong></span> <span class='ocrx_word' id='word_1_351' title='bbox 695 2634 924 2676; x_wconf 81' lang='lat' dir='ltr'><strong>prau01um</strong></span> <span class='ocrx_word' id='word_1_352' title='bbox 941 2620 1020 2661; x_wconf 78' lang='lat' dir='ltr'><strong>sibi</strong></span> <span class='ocrx_word' id='word_1_353' title='bbox 1045 2632 1280 2674; x_wconf 80' lang='lat' dir='ltr'><strong>repugnans</strong></span> <span class='ocrx_word' id='word_1_354' title='bbox 1299 2615 1585 2675; x_wconf 73' lang='lat' dir='ltr'><strong>inconstantia.</strong></span> 
     </span>
    </p>
   </div>
   <div class='ocr_carea' id='block_1_5' title="bbox 1665 576 1718 3122">
    <p class='ocr_par' dir='ltr' id='par_1_6' title="bbox 1665 576 1718 3122">
     <span class='ocr_line' id='line_1_44' title="bbox 1665 576 1718 3122; baseline 0 0"><span class='ocrx_word' id='word_1_355' title='bbox 1665 576 1718 3122; x_wconf 95' lang='lat' dir='ltr'><strong> </strong></span> 
     </span>
    </p>
   </div>
  </div>
 </body>
</html>
