1752 3118
346 308 377 339 1.
410 283 417 311 f
610 273 1011 335 RECENS‘IO
1035 279 1393 331 conlcv'M

348 413 406 470 ”si
425 409 526 460 non'
545 409 884 471 vetustissima,
893 419 898 423 ”
921 408 1027 456 satis
1051 423 1208 455 tamen
1238 407 1452 471 antiqua,
1492 419 1537 453 et
1560 406 1666 470 qui-

354 479 506 528 dem
493 497 542 525 m
567 478 715 525 forma
736 477 927 524 maioris
959 474 1168 533 ordinis,
1204 475 1348 521 fuisse
1372 476 1619 538 scriptum.
1632 477 1663 503 “

349 546 517 610 Itaque
538 559 728 592 externa
751 544 857 620 iila,
889 542 1067 607 quibus
1088 541 1246 604 aliqua
1267 558 1327 587 ex
1350 555 1478 603 pane
1501 554 1665 587 aucto-

348 615 459 662 ritas
485 611 709 659 codicum
727 611 912 671 nititur,
946 606 1139 656 aliunde
1158 625 1206 653 ex
1208 622 1293 655 unt
1314 606 1567 671 aliquando
1590 626 1666 670 pe-

351 678 507 728 tenda.
575 676 697 737 Sed,-
752 691 802 725 vt
835 694 962 723 nunc
996 690 1089 732 est,
1139 674 1234 722 hoc
1266 674 1438 720 addere
1468 674 1662 735 sufficit,

353 765 463 794 eum
492 743 761 818 plerisque
748 762 798 789 m
822 743 940 790 locis
969 741 1225 790 conuenire
1249 759 1356 788 cum
1378 739 1548 788 codice
1575 740 1665 786 Pa-

350 814 501 862 ιὶεἱηο
537 825 584 858 et
617 809 823 857 editione
855 809 1147 868 RObortelli,
1186 823 1232 855 et
1266 827 1348 856 sua
1380 807 1519 855 etiam
1546 823 1665 855 non-

352 880 484 929 nulla
501 878 649 924 habel
653 894 677 923 e
699 894 796 923 non
813 890 989 924 temere
1009 874 1283 940 spernenda.

454 945 681 993 CODEX
715 942 1232 992 LAVR'ENTIANVS
1269 963 1295 990 a
1341 942 1473 990 nullo
1511 939 1668 989 adhuc

348 1012 537 1061 editore
582 1011 633 1057 in
675 1010 934 1057 subsidium
976 1024 1169 1058 vocatus
1214 1025 1293 1057 est.
1363 1008 1461 1055 Sed
1503 1021 1669 1072 agente

347 1077 594 1140 ‘VVeigelio
617 1076 839 1123 excitatus
865 1077 935 1124 vir
957 1076 1256 1124 doctissimus
1275 1081 1359 1126 De
1383 1079 1541 1123 Furia
1553 1111 1568 1133 ,
1592 1074 1670 1119 bi-

304 1161 308 1163 “
351 1145 625 1194 bliothecae
646 1143 983 1191 Laurentianae
1009 1144 1300 1208 praefectus,
1336 1155 1443 1190 eum
1467 1160 1573 1188 cum
1596 1138 1668 1187 ed.

348 1210 538 1259 Ι’ΤοΙΙίἱ
526 1229 575 1257 m
598 1227 705 1259 vsus
729 1224 913 1258 nostros
938 1211 1142 1258 conferri
1164 1210 1358 1258 cuiauit.
1426 1209 1465 1255 E
1490 1206 1672 1255 Bandi-

351 1278 422 1327 nii
443 1289 602 1325 autem
623 1277 838 1347 catalogo
862 1276 1002 1324 codd.
1017 1277 1239 1325 Graecor.
1255 1278 1375 1324 Bibl.
1389 1275 1517 1323 Med.
1527 1276 1669 1322 Laur.

347 1344 498 1396 Tom.
527 1343 593 1391 II.
618 1341 791 1405 didici,
829 1343 1048 1392 codicem
1083 1362 1182 1392 esse
1216 1345 1512 1391 chartaceum
1538 1354 1672 1390 octo-

354 1411 428 1459 nis
456 1411 707 1475 scriptum,
743 1426 832 1456 sec.
867 1411 1005 1457 XV:
1025 1412 1161 1460 variis
1189 1428 1288 1459 esse
1317 1411 1496 1458 lacunis
1531 1409 1671 1456 inter-

351 1491 554 1541 ruptum
582 1489 629 1523 et
664 1476 1088 1524 correctionibus·
1076 1497 1124 1524 m
1146 1478 1354 1543 margine
1380 1476 1669 1552 αάερει5αω.

352 1544 546 1609 Integer
567 1558 722 1591 tamen
742 1560 839 1590 non
859 1544 1016 1591 minus
1033 1544 1236 1605 videtur,
1265 1562 1406 1608 quam
1426 1543 1570 1590 ceteii
1592 1559 1671 1590 co-

357 1611 508 1659 dices:
534 1627 653 1657 nam
685 1624 903 1674 excerpta
937 1610 1075 1658 nobis
1100 1613 1240 1659 missa
1265 1612 1439 1658 nullam
1468 1610 1671 1674 peculia-

347 1696 456 1726 rem
473 1679 688 1725 lacunam
708 1677 848 1723 nobis
866 1692 1147 1738 monstrant,
1176 1694 1222 1726 ct
1241 1678 1287 1724 in
1310 1678 1468 1724 catal.
1455 1678 1640 1741 lucipci
1644 1693 1669 1722 e

357 1745 532 1793 dicitur
561 1763 587 1790 a
621 1746 691 1792 Τό
715 1744 815 1806 μὲν
838 1744 933 1791 τοῦ
968 1764 1026 1791 κε
1028 1745 1203 1793 ,τιλίου
1227 1743 1672 1808 συγγραμιιάτιοτ,

329 1847 336 1857 ,.
355 1827 403 1859 et
431 1810 644 1859 desinere
672 1810 827 1858 verbis
850 1814 945 1858 καὶ
967 1812 1138 1860 αυτοῦ
1165 1813 1261 1860 τοῦ
1287 1811 1454 1873 ὕψους
1483 1810 1671 1875 μοίρας

353 1877 654 1940 ἐπεχόντων,
687 1896 751 1934 ως
771 1877 895 1942 ἡμῖν
920 1876 1073 1935 τέλος.
1132 1880 1233 1926 De
1222 1879 1533 1943 msciiptionc
1553 1896 1667 1926 veno

351 1945 498 1993 huius
520 1944 699 1992 codicis
724 1961 946 2008 perquam
968 1946 1165 1993 notabili
1185 1946 1336 1993 dicam
1356 1947 1403 1992 in
1424 1945 1670 1992 Addendis
1736 1969 1739 1975 >

354 2012 416 2060 ad
446 2031 486 2070 1,
513 2028 556 2058 1.
593 2017 810 2060 Ceterum
834 2012 892 2058 de
917 2031 1003 2060 vsu
1024 2014 1124 2060 eius
1148 2015 1337 2072 critico,
1371 2013 1409 2060 si
1428 2029 1669 2075 compare-

352 2094 431 2128 tur
454 2096 562 2125 cum
583 2078 800 2142 reliquis,
824 2078 1039 2127 nondum
1061 2080 1213 2128 audeo
1235 2080 1501 2128 decernere.
1540 2079 1672 2126 Tan-

353 2161 456 2193 tum
470 2145 642 2207 dicam,
666 2162 772 2192 eum
786 2147 883 2193 fere
904 2165 1015 2193 cum
1034 2148 1136 2195 aliis
1157 2148 1412 2196 conuenire
1423 2161 1668 2210 Vtramque

353 2213 401 2259 in
422 2227 601 2278 partem
614 2249 631 2271 ,
667 2225 713 2258 et
735 2213 783 2258 in
804 2213 962 2260 multis
986 2214 1181 2278 quidem
1205 2215 1327 2263 vitiis
1353 2231 1460 2261 cum
1482 2214 1667 2261 Vatica-

351 2297 417 2327 110
441 2279 663 2327 secundo.
732 2279 992 2343 Singularia
1014 2281 1269 2345 quaedam,
1305 2296 1374 2342 et,
1410 2294 1459 2328 vt
1478 2281 1665 2346 opinor,

349 2363 447 2394 non
480 2347 630 2405 leuia,
669 2363 788 2409 quae
812 2361 969 2394 notata
995 2347 1177 2411 habeo,
1214 2349 1305 2396 iam
1335 2348 1580 2414 quaerenti
1609 2347 1669 2394 ad

348 2431 542 2462 manum
563 2430 659 2460 non
691 2428 832 2460 erant.
901 2415 964 2461 Ea
983 2415 1177 2462 fortasse
1198 2416 1309 2462 alibi
1332 2416 1576 2481 proferam.

447 2481 857 2527 Commemoratur
890 2482 1027 2529 ctiam
1061 2481 1285 2529 CODEX
1312 2480 1666 2528 DVDITHIA-
1735 2494 1738 2518 1

347 2547 508 2606 NVS,
565 2545 721 2594 dictus
758 2566 792 2594 a
816 2549 1117 2611 Langbaenio
1154 2547 1498 2610 IVNIANVS,
1554 2549 1666 2612 quia
1736 2541 1742 2570 s

345 2615 476 2663 fuit
464 2632 510 2662 in
537 2604 828 2673 bibliotheca
853 2619 1058 2663 Patricia·
1078 2619 1214 2664 Iunii
1237 2617 1494 2681 (Young),
1530 2634 1664 2663 cura-

348 2683 482 2731 toris
510 2670 834 2744 bibliothecae
871 2683 993 2747 regie
1026 2683 1309 2739 Britanniae.
1379 2683 1664 2742 Tenendum
