1752 3118
299 292 380 343 392
572 280 801 328 NOTAE
838 284 925 327 AD
966 284 1048 325 DE
1085 283 1329 326 svsL1M.
1722 0 1752 503 ἔ

300 404 406 442 Sunt
425 391 561 440 autem
591 399 720 453 πόροι
740 401 900 440 canales
922 399 1036 448 siue,
1066 404 1121 437 vt
1142 405 1316 448 vocant,
1353 413 1454 438 vasa
1481 400 1615 438 omnis

297 458 483 523 generis,-
509 457 688 495 maxime
717 462 856 494 tamen
882 468 1030 494 venae
1039 461 1081 493 et
1113 467 1159 492 a}
1165 455 1304 493 teriae.
1360 453 1467 493 Nam
1496 454 1614 493 Plato

298 510 487 556 ε101τοὶς
503 510 712 565 ἀρτηρίας
728 509 896 563 ὀχετούς
914 514 983 551 ἐπὶ
998 510 1070 552 τόν
1089 510 1305 565 πνεύμονα
1322 509 1478 565 ἐτεμον.
1507 510 1616 548 Male

260 593 265 596 -
300 567 508 615 Boi'lauius
527 582 657 622 poree,
685 573 732 606 vt
752 572 793 606 et
813 567 945 605 nostri
963 567 1225 620 interpretes,
1252 566 1589 620 Schwezfilbcher.

307 645 311 651 ‘
384 632 441 690 τῇ
467 633 542 675 τοῦ
576 633 722 691 θυμοῦ
753 631 979 696 ἑπεῖἐρσει]
1029 629 1261 679 Manutius,
1307 636 1475 690 ἑνέρσει.
1521 631 1619 670 Non

301 691 424 731 male.
472 692 662 738 Quocum
694 695 736 728 et
757 688 859 727 facit
888 687 970 727 MS.
993 688 1084 728 Vat.
1119 666 1391 740 Philosophus
1416 688 1468 726 ad
1489 687 1619 726 Ν100-

300 746 497 786 maehum
529 744 601 784 lib.
631 745 669 784 5.
703 743 860 784 Πάντα
890 743 972 797 γάρ
996 743 1049 783 τοὶ
1070 744 1247 784 τοιαῦτα
1266 742 1375 784 έοικε
1396 745 1621 806 σημαίνειν

304 803 440 842 ΤΗΝ
459 801 577 840 TOY
591 801 802 841 OYMOY
814 800 1094 840 ΕΓΕΡΣῙΝ.
1115 799 1311 839 Τ.ον1’1ν5
1348 799 1451 838 Μ1111
1475 805 1622 837 contra

301 857 468 896 videtur
496 859 725 908 ἐπεγέρσει,
753 854 861 909 quod
895 854 1027 891 ceteli
1057 854 1173 892 codd.
1193 867 1286 892 cum
1309 855 1371 894 ed.
1396 868 1430 893 1.
1451 854 1521 893 1110
1542 853 1622 891 ha-

300 913 422 960 bent,
459 925 521 962 ap
542 909 761 950 Platonem
773 906 1077 960 reponendum.
1132 908 1239 947 Nam
1259 910 1505 948 seditionem
1526 921 1622 947 mo-

301 979 403 1004 vere
433 964 573 1020 θυμὸς
592 965 749 1004 dicitur
770 963 966 1002 aduersus
992 978 1060 1002 cor
1078 971 1119 1002 et
1138 964 1238 1001 alias
1266 976 1337 1002 001
1338 978 1453 1016 pons
1471 971 1627 1016 partes,

300 1021 458 1060 Manut.
476 1020 574 1060 fort.
597 1034 619 1058 e
640 1018 823 1061 Platonis
840 1020 1046 1076 exemplis
1066 1019 1268 1075 praetulit
1285 1019 1484 1074 simplex,
1510 1018 1625 1073 quod.

248 1120 250 1122 ,
300 1076 396 1116 11.1
416 1070 586 1115 videtur
606 1076 772 1128 frigere.

389 1131 620 1198 πλεύμονος
650 1143 798 1210 ἰδέαν]
838 1143 865 1183 1
901 1158 940 1196 q
975 1143 1076 1185 πλεύ
1110 1159 1202 1187 ονα.
1259 1142 1327 1182 Sic
1360 1140 1504 1195 paullo
1528 1148 1625 1194 post

301 1194 423 1238 Plato
451 1213 493 1253 p.
524 1200 616 1252 389.
649 1213 680 1239 ε.
709 1195 876 1248 ἥπατος
907 1199 1014 1240 ἰδία.
1057 1161 1202 1240 [11111111
1224 1196 1418 1239 similiter
1438 1203 1624 1250 formae,

303 1259 351 1294 ‘vt
372 1254 447 1294 Sil.
463 1255 554 1294 ltal.
576 1255 664 1305 XV,
685 1254 749 1296 86.
757 1259 918 1306 formae
926 1255 1135 1310 ferarum
1163 1255 1235 1293 vbi
1253 1268 1293 1293 v.
1313 1255 1579 1306 interpretes.

310 1355 330 1369 .>
359 1318 594 1376 ἄναιμον]
626 1334 648 1359 e
667 1326 858 1364 veterum
877 1321 1139 1361 medicorum
1159 1321 1365 1373 opinione.
1394 1320 1556 1360 Monvs.

352 1404 354 1406 ·
386 1387 541 1428 ὁποῖον
567 1384 799 1442 μάλαγμα]
839 1389 915 1429 Ad
938 1392 1069 1428 instar
1094 1389 1366 1441 malagmatis.
1415 1390 1469 1429 Vt
1491 1389 1627 1428 mala-

304 1447 455 1499 gmatis
492 1445 580 1483 loeo
603 1443 849 1483 subseruiat.
908 1446 1043 1496 Atque
1077 1443 1136 1482 ita
1166 1456 1327 1510 quoque
1357 1436 1627 1493 scribendum.

303 1499 415 1552 apud
445 1498 657 1539 Platonem
683 1499 728 1537 111
756 1499 940 1541 Timaeo.
996 1498 1103 1539 Nam
1138 1497 1205 1549 τό,
1252 1495 1370 1553 ἅλμα
1403 1498 1626 1554 μαλακόν,

304 1555 415 1607 quod
444 1554 503 1593 ibi
523 1554 698 1606 legitur,
726 1555 1026 1607 ineptissimum
1053 1561 1125 1593 est.
1168 1555 1286 1594 Rem
1309 1561 1428 1593 extra
1453 1560 1627 1593 contro-

304 1611 484 1650 versiam
506 1610 624 1661 ponit
638 1610 834 1650 Alcinous
855 1612 905 1650 de
926 1612 1115 1651 Doctrin.
1139 1611 1300 1650 Platon.
1319 1624 1407 1662 cap.
1434 1610 1500 1649 25.
1536 1607 1627 1650 Τόν

304 1664 524 1732 πνεύμονα
559 1664 602 1705 δὲ
634 1666 958 1720 ἐμηχανήσαντο
981 1667 1054 1716 τῆς
1077 1667 1259 1720 καρδίας
1273 1665 1405 1719 χάριν
1424 1664 1626 1731 μαλακόν

304 1737 347 1765 τε
363 1725 438 1760 καὶ
445 1719 659 1787 ἄναιμον,
689 1722 937 1776 σηραγγωδη
958 1738 999 1763 τε
1018 1726 1093 1762 καὶ.
1114 1722 1284 1775 σπόγγῳ
1305 1719 1626 1773 παραπλήσιον,

305 1773 421 1820 ὅπως
434 1775 509 1833 ἐχη
522 1777 853 1818 ΜΛΛΑΓΜΑ
862 1777 1039 1827 πηδῶσα
1058 1778 1086 1827 ἡ
1105 1778 1264 1829 καρδία
1283 1791 1394 1817 κατα
1414 1792 1487 1825 την
1510 1779 1626 1824 ζέσιν

304 1832 382 1873 τοῦ
405 1831 562 1895 θυμου.
620 1832 756 1879 Quem
782 1833 921 1873 locum
953 1848 977 1872 a
1007 1834 1110 1872 viris
1130 1833 1304 1872 eruditis
1331 1846 1417 1870 non
1435 1832 1626 1870 animad-

304 1900 474 1926 versum
492 1887 619 1926 fuisse
632 1888 777 1926 miror.
808 1888 920 1942 [11110
936 1889 1246 1927 animaduersus
1266 1894 1307 1926 et
1320 1887 1626 1926 demonstratus

306 1949 371 1981 est
395 1958 419 1981 a
445 1943 585 1992 Moro,
627 1950 669 1981 et
693 1945 823 1983 verba
852 1944 937 1982 eius
965 1944 1166 1995 quaedam
1189 1943 1490 1995 transscripta]
1531 1942 1625 1994 Huc

303 2005 463 2051 spectat
489 1998 621 2038 Rufus
649 1998 850 2070 Ephesius
877 1997 930 2039 Π.
957 1999 1024 2039 65.
1052 1997 1401 2040 Κατεσκεύασται
1422 1998 1466 2038 δὲ
1486 1998 1510 2038 ὁ
1533 2000 1629 2038 ἐπί-

303 2056 449 2103 πλους,
470 2053 524 2098 ὥς
544 2054 599 2096 ἂν
611 2057 887 2108 τοῖςὲντέροις
896 2056 958 2104 εἴη
973 2056 1206 2096 ΜΛΛΛΙ
1206 2056 1304 2096 ΜΛ
1320 2069 1427 2108 προς
1438 2070 1513 2103 την
1533 2051 1628 2094 οἷπο

303 2125 381 2150 του
401 2113 668 2162 περιέχοντος
689 2110 800 2151 αὐτα
823 2113 1029 2164 σκληρίαν
1049 2113 1338 2165 περιτοναίου.
1395 2109 1467 2148 Est
1488 2117 1629 2148 autem

304 2164 516 2220 μαλαγμα
543 2168 720 2206 verbum
750 2166 960 2209 τακτικόν.
989 2167 1040 2206 (10
1071 2182 1152 2219 quo
1183 2166 1441 2206 casaubonus
1471 2167 1524 2204 ad
1542 2165 1629 2212 Ae-n

302 2234 438 2261 neam.
488 2221 561 2260 Est
590 2229 632 2261 et
657 2223 831 2262 verbum
863 2225 1083 2262 nauticum.
1125 2221 1372 2273 Hesychius:
1417 2222 1627 2274 Σπεῖραι,

305 2281 444 2328 σειραι
455 2306 470 2323 ,
523 2276 763 2333 δράγματα.
819 2283 895 2318 καὶ
938 2276 993 2318 τοὶ
1033 2278 1450 2319 ΜΑΛΑΓΜΛΤΑ
1492 2277 1633 2317 ΤΩΝ

306 2333 497 2374 ΝΕΩΝ.
558 2333 634 2372 Vbi
652 2334 850 2386 intelligit
872 2333 1191 2386 lexicographus
1201 2334 1329 2388 sanes
1349 2335 1628 2387 complicatos)

304 2401 405 2438 quos
433 2388 635 2428 lateribus
662 2389 853 2438 nauium,
881 2403 975 2428 cum
1007 2390 1052 2427 in
1079 2395 1206 2442 portu
1234 2395 1353 2438 sunt,
1382 2389 1630 2441 appendunt

303 2449 466 2491 nautae,
493 2456 545 2481 ne
566 2444 711 2482 attritu
723 2445 836 2484 ,inter
858 2459 900 2483 se
918 2443 1166 2484 ‘detrimenti
1189 2444 1289 2496 quid
1306 2445 1481 2496 capiant.
1508 2443 1627 2494 Angl-

305 2500 491 2538 Fenders.
546 2499 801 2551 Interpretes
830 2514 915 2539 non
943 2501 1257 2540 intellexerunt.
1297 2499 1555 2555 Σύστρεμμα
1579 2502 1625 2537 ἐκ

307 2556 499 2604 σχοινίου
518 2562 640 2593 vocat
660 2569 786 2607 supra
807 2555 1051 2607 Hesychius.
1095 2557 1219 2605 Quod
1236 2556 1410 2607 perinde
1433 2562 1503 2594 est.
1532 2553 1624 2592 Huc

305 2609 492 2648 alludere
521 2610 687 2649 videtur
717 2611 962 2650 Plutarchus
990 2612 1178 2665 Sympos.
1200 2612 1271 2650 lib.
1295 2627 1327 2652 1.
1348 2625 1387 2663 p.
1405 2611 1502 2650 618.
1523 2609 1624 2651 Διῒ-

306 2668 435 2720 στημι
462 2665 504 2706 δὲ
535 2670 610 2706 καὶ
639 2667 1031 2722 στραγγαλιῶντας,
1068 2671 1144 2709 καὶ
1173 2665 1511 2722 φιλολοιδόρους,
1550 2668 1627 2706 καὶ
