1752 3118
447 282 549 331 DE
583 280 827 331 LIBRO
862 285 927 338 11.
962 284 1014 331 Y.
1141 338 1144 341 ,
1248 300 1397 333 cxxn

1 437 3 449 2
67 405 202 450 (lium
224 400 432 448 hominis
465 415 527 444 ex
559 399 732 445 audito
757 399 886 445 dicto
911 397 1131 459 sublimi,
1188 421 1285 467 quo
1319 411 1390 455 Sic

66 470 287 533 effertur,
317 475 368 514 vt
379 470 425 512 si
437 467 564 512 illud
584 468 691 526 ips-e
705 466 974 527 protulerit
981 483 1002 522 ;
1043 466 1094 524 2)
1108 474 1389 514 constanter

1 582 3 585 .
64 543 263 583 servata
283 535 373 580 illa
388 533 578 579 laetitia
596 540 644 578 et
667 534 823 578 animi
834 533 1057 578 elatioin
1081 541 1320 579 accurata
1341 542 1388 580 ec

0 645 2 648 .
66 603 236 650 crebra
257 602 389 646 illius·
411 601 530 645 dicti
551 601 961 660 contemplatione
969 617 990 656 ,-
1027 597 1248 658 5)firma
1264 601 1389 646 eius-

63 673 173 715 dem
199 675 245 713 et
272 668 356 713 vix
380 682 596 729 «mquam
617 668 828 713 delenda
851 667 1090 712 memoria
1097 683 1118 723 ;
1173 666 1236 724 4)
1267 683 1387 712 con-

0 781 2 783 ,
61 751 231 781 sensus
254 735 471 780 omnium
493 734 649 780 omnis
663 734 864 794 generis
882 733 1132 780 hominum
1151 734 1204 778 in
1230 749 1386 793 agno-

59 802 243 847 scenda
268 800 563 847 sublimitate
585 801 714 846 dicti.
770 798 925 846 Vei-ae
960 812 1072 846 sunt
1099 814 1262 846 omnes
1294 798 1386 846 hae

59 878 231 926 notae,
276 880 469 930 excepta
504 865 695 926 vltima;
730 864 817 912 sed
845 865 975 914 solae
1007 883 1106 913 non
1134 865 1389 912 sufficiunt.'

0 932 1 947 ³
57 933 135 981 De
153 933 313 980 Vltima
331 946 379 981 vt
398 932 555 996 primo
574 931 755 991 dicam,
790 931 969 980 iudicia
993 931 1209 979 omnium
1229 932 1384 980 omnis

0 1025 2 1028 >
60 1000 243 1064 generis
266 999 518 1057 hominum
551 1000 656 1065 quis
681 997 869 1047 nouit?
887 998 985 1046 Sed
1008 998 1146 1049 facile
1172 1014 1386 1064 apparet‚·

60 1081 302 1114 auctorem
334 1084 433 1115 non
465 1065 715 1114 dialectice
741 1065 828 1113 sed
863 1063 1068 1115 oratori'e
1103 1066 1383 1130 loquentem

60 1152 197 1197 quam
220 1134 459 1198 plurimos
477 1147 660 1182 tantum
676 1132 948 1196 diuersique
965 1132 1148 1197 generis
1162 1131 1382 1181 homines

57 1201 259 1264 intelligi
279 1201 502 1249 voluisse.
548 1199 614 1246 At
637 1217 697 1247 ne
719 1200 788 1246 sic
812 1198 1008 1263 quidem
1026 1198 1282 1246 hominum
1310 1215 1388 1255 et-‚

55 1267 146 1314 iam
175 1267 614 1326 innumerabilium,
661 1267 701 1313 si
726 1265 996 1313 incredibili
1030 1264 1241 1329 quodam
1271 1284 1382 1314 casu

57 1334 377 1397 consentiant,
411 1334 642 1382 iudicium
661 1333 829 1381 haberi
847 1332 990 1381 debet
1008 1332 1304 1383 verissimum
1327 1351 1382 1381 ac

57 1402 394 1456 certissimum,
432 1401 715 1467 -Explosum
761 1415 833 1449 est
865 1399 988 1448 illud
1023 1414 1380 1464 argumentum,

56 1467 190 1532 quod
214 1469 331 1515 olim
355 1466 595 1516 ducebant
615 1485 641 1514 e
664 1484 899 1516 consensu
926 1467 1145 1515 omnium
1168 1468 1382 1531 gentium

58 1535 119 1582 ad
164 1534 489 1582 stabiliendam
535 1534 813 1600 opinionem
848 1534 907 1582 de
940 1534 1134 1582 numine
1166 1533 1379 1582 deorum.

55 1602 215 1650 Multo
239 1615 394 1649 autem
413 1603 571 1648 minus
589 1601 767 1649 valebit
787 1602 936 1649 simile
964 1613 1296 1664 argumentum
1320 1602 1379 1649 de

55 1686 107 1716 re
130 1669 280 1716 multo
305 1669 451 1732 magis
471 1667 644 1729 dubia,
680 1668 740 1715 de
763 1671 856 1733 qu'a
880 1667 1142 1716 doctissimi
1159 1668 1380 1715 homines

55 1735 302 1783 dissentire
325 1735 628 1801 reperiantur.
670 1735 896 1801 Denique
915 1736 1021 1800 quis
1042 1734 1251 1799 pendere
1267 1735 1381 1783 velit

55 1821 80 1850 a
114 1798 306 1850 iudiciis
341 1802 618 1867 hominum,
654 1803 739 1867 qui
771 1803 957 1851 diuersa
985 1800 1379 1867 ἐπιτηδεύματα

53 1869 354 1934 sequuntur?
401 1870 533 1919 Num
567 1871 765 1936 opifices
801 1890 846 1920 v.
883 1888 923 1917 c.
957 1869 1110 1919 verius
1146 1869 1380 1916 iudicium

55 1936 116 1984 de
161 1937 363 1984 alicuius
409 1938 636 1986 orationis
681 1938 960 2003 praestantia
1000 1951 1047 1985 et
1091 1937 1378 1984 sublimitate

53 2005 176 2052 ferre
200 2004 411 2069 possint,
448 2023 590 2069 quam
621 2006 772 2053 critici
799 2004 899 2053 siue
926 2005 1140 2052 rhetores
1167 2002 1380 2051 diuerso·

53 2089 160 2119 rum
194 2086 467 2137 temporum
502 2073 624 2120 inter
659 2090 709 2120 se
744 2069 1124 2121 consentientes?
1184 2071 1292 2118 Imo
1327 2070 1381 2118 hi

52 2139 214 2204 potius
234 2152 343 2186 sunt
363 2138 600 2187 audiendi.
638 2140 901 2204 Corruptus
922 2156 1023 2186 esse
1042 2152 1196 2202 potest
1218 2137 1378 2202 aliquo

11 2256 13 2271 ᾗ
55 2206 219 2253 seculo
237 2223 399 2254 sensus
422 2205 794 2271 pulchritudinis
814 2221 861 2254 et
882 2205 1209 2264 sublimitatis,
1246 2205 1310 2251 ita
1329 2218 1380 2253 vt

12 2274 13 2279 ’
56 2274 196 2321 etiam
219 2271 396 2322 horum
422 2276 562 2339 quam
587 2273 786 2339 plurimi
811 2273 1105 2323 consentiant
1126 2272 1174 2319 in
1196 2270 1378 2319 iudicio

55 2358 206 2407 prauo
234 2354 280 2387 et
302 2334 539 2404 peru'erso.
583 2340 694 2389 Sed
715 2342 756 2389 si
782 2359 836 2389 ex
859 2341 993 2390 omni
1013 2354 1159 2387 aetate
1184 2338 1296 2388 inde
1322 2339 1379 2384 ab

12 2458 14 2474 ἱ
55 2408 216 2457 Vltima
247 2409 476 2457 memoria
506 2410 555 2456 in
586 2408 854 2457 laude.loci
880 2408 1076 2456 alicuius
1098 2404 1279 2471 poetici
1304 2405 1380 2453 vel

58 2474 253 2522 oratorii
275 2475 592 2536 consentiant,
612 2475 709 2523 hoe
729 2476 957 2524 iudicium
977 2473 1114 2525 valde
1133 2472 1380 2538 probabile

53 2541 206 2590 ‚videri
233 2541 386 2589 debet.
450 2542 515 2590 At
533 2543 828 2591 verissimum
848 2558 895 2592 et
916 2541 1230 2591 certissimum
1254 2555 1378 2598 esse,

57 2626 147 2672 ego
183 2627 282 2657 non
318 2609 654 2658 contenderim.
720 2611 975 2676 Fingamus
1011 2610 1168 2669 enim,
1226 2604 1375 2654 Iliada

12 2685 14 2733 ζ
58 2677 308 2725 conflatam
339 2694 439 2725 esse
461 2694 487 2738 e
521 2677 804 2738 carminibus
827 2694 1075 2746 poetarum
1105 2676 1248 2737 vulgo
1276 2690 1381 2720 can-

919 2765 934 2793 ι
972 2762 998 2793 2
