1752 3118
334 290 593 323 cxxxxvm
734 271 781 319 D
795 270 836 322 E
869 235 973 320 AN
984 271 1086 320 AG
1098 270 1229 320 LYP
1238 271 1287 319 H
1301 270 1345 319 Ο

436 393 631 441 Scilicet
648 391 741 439 iam
763 389 977 449 dudum,
1013 388 1082 435 mi
1103 387 1341 453 Weigeli,
1376 389 1498 438 nihil
1519 393 1650 456 prius

335 477 493 525 neque
526 458 762 522 antiquius
795 455 1027 517 habuisti,
1078 472 1222 518 quam
1258 471 1306 504 vt
1337 458 1655 506 luculentissi-

336 545 435 576 mas
469 525 786 588 antiquiorum
807 522 1223 586 recentiorumque
1249 537 1520 587 temporum
1547 525 1657 583 edi7

337 594 491 641 tiones
513 608 677 638 eorum
700 601 975 649 anctorum,
1013 595 1132 652 'qnos
1155 589 1373 636 classicos
1399 591 1545 654 vulgo
1567 610 1658 656 ap-

338 660 544 725 pellant,
577 658 754 722 vbique
785 671 1014 704 terrarum
1040 655 1158 701 mira
1184 656 1430 719 sagacitate
1464 656 1658 722 indaga-

318 734 319 737 ’
342 741 412 773 tas
440 739 487 772 et
510 729 714 772 coemtas
742 724 792 770 in
813 721 1158 771 bibliothecam
1179 720 1333 768 Tuam
1356 737 1659 787 congereres,

340 808 442 841 non
466 808 523 838 eo
542 791 759 849 consilio,
784 805 850 852 vt,
879 804 1102 852 tauquam
1125 803 1312 835 excetra
1335 797 1413 836 aut
1430 791 1551 836 mala
1574 792 1659 838 be-

340 858 452 917 stia,
496 857 726 904 thesauris
748 857 868 905 Tuis
895 856 1167 918 incubares,
1203 856 1415 918 aliosque
1446 874 1468 902 a
1499 858 1658 905 fructu

340 925 535 972 illorum
556 924 707 970 sibilis
726 938 772 971 et
789 923 928 970 minis
949 921 1237 987 depelleres‚
1274 922 1358 968 sed
1379 937 1427 971 vt
1448 922 1661 986 Lipsiae,

340 991 393 1037 in
414 990 497 1036 illo
520 991 663 1036 totius
683 989 906 1053 Europae
924 1002 1137 1038 mercatu
1158 989 1494 1049 celeberrimo,
1523 992 1661 1042 beata.

342 1073 511 1104 eorum
533 1072 726 1120 quoque
757 1055 993 1102 librorum
1022 1054 1203 1102 venalis
1233 1067 1468 1119 prostaret
1495 1059 1658 1121 copia,

344 1139 467 1186 quos
485 1122 534 1169 in
554 1123 761 1169 tabernis
780 1121 998 1180 librariis,
1025 1122 1186 1186 quales
1206 1120 1359 1167 hodie
1374 1139 1475 1169 esse
1490 1124 1662 1179 solent,

343 1191 384 1236 si
403 1206 596 1253 quaeras
608 1226 621 1247 ,
655 1190 826 1236 frustra
845 1188 922 1236 sis.
966 1187 1134 1250 Itaque
1153 1187 1415 1252 catalogum
1437 1189 1531 1236 iam
1549 1208 1660 1238 cum

343 1255 629 1304 amatoribus
654 1254 827 1302 harum
847 1254 1126 1302 deliciarum
1154 1255 1541 1315 communicasti,
1577 1257 1663 1303 bo-

340 1339 431 1370 nae
452 1321 597 1384 frugis
617 1322 943 1386 plenissimum
966 1334 1013 1368 et
1035 1321 1296 1380 sollertiae,
1333 1322 1431 1387 qua¹
1449 1323 1590 1370 vteris
1613 1323 1664 1373 iu
1731 1383 1734 1386 ἢ

339 1388 426 1436 hic
445 1388 595 1451 copiis
614 1387 949 1437 contrahendis
963 1386 1390 1453 distrahendisque,
1408 1402 1573 1436 testem
1589 1390 1662 1437 lo-

341 1454 750 1519 cupletissimum,
804 1454 856 1502 in
881 1470 979 1518 quo
1014 1454 1348 1518 perlustrando
1390 1455 1431 1502 si
1466 1456 1665 1507 saliuam

340 1520 604 1568 lectoribus
623 1520 742 1568 Tuis
762 1520 1006 1569 interdum
1027 1535 1207 1577 motam
1226 1537 1327 1568 esse
1358 1521 1664 1586 inteUexeris,

337 1587 426 1641 „Tu
444 1586 673 1651 gaudebis
695 1589 746 1636 in
765 1589 898 1648 sinu,
930 1586 1017 1635 sed
1038 1587 1122 1652 qui
1135 1623 1150 1648 ‚
1185 1605 1333 1636 coena
1352 1587 1498 1636 dubia
1517 1607 1665 1654 appo-

338 1654 456 1716 sita,
493 1653 720 1702 Tantalos
744 1672 847 1703 sese
878 1671 980 1702 esse
1010 1654 1239 1717 sentient,
1273 1655 1520 1720 ringentur
1556 1674 1667 1716 sane

340 1734 391 1769 et
411 1721 833 1770 stomachabuntur
852 1721 1094 1769 acerrime.

443 1786 542 1835 Sed
571 1788 752 1836 bonum
787 1787 986 1836 factum!
1045 1787 1210 1836 Multo
1255 1788 1410 1836 acrior
1455 1789 1666 1843 animum

341 1852 504 1904 Tuum
549 1856 753 1920 pupugit
790 1854 944 1903 laudis
987 1853 1185 1918 cupido.
1263 1855 1467 1918 Vidisti,
1522 1876 1666 1923 posse
1728 1867 1730 1870 ’

337 1921 602 1969 nonnullos
635 1920 882 1970 detrahere
914 1920 974 1969 de
1005 1919 1148 1968 laude
1179 1919 1314 1984 Tua,
1373 1941 1516 1988 quam
1550 1925 1665 1977 Tibi

336 1986 639 2050 diligentiori
664 1988 835 2036 mercis
862 1988 1082 2036 librariae
1105 1986 1451 2053 dispensatione
1483 2005 1530 2038 et
1555 2010 1668 2056 pro-q

336 2054 586 2103 'curatione
606 2072 867 2120 pepereras.
911 2055 985 2103 Te
1002 2072 1103 2102 non
1120 2054 1300 2115 laudis,
1334 2056 1418 2104 sed
1435 2057 1560 2105 lucri
1578 2077 1664 2106 cu-

336 2119 540 2186 piditate
575 2139 823 2171 accensum
854 2123 943 2171 ista
972 2124 1153 2183 facere3
1203 2121 1303 2182 Te,
1359 2141 1480 2188 quae
1515 2143 1665 2176 numo

338 2185 536 2235 addicta
575 2188 692 2251 sint,
726 2190 890 2238 insano
925 2190 1082 2255 pretio
1113 2189 1377 2252 flagellare3
1429 2191 1553 2249 scire
1587 2193 1662 2243 Te

338 2253 407 2303 vti
432 2255 558 2315 foro,
589 2270 636 2303 et
666 2273 778 2305 cum
800 2257 1119 2322 pulcherrime
1147 2255 1337 2317 calleas,
1372 2258 1489 2322 quid
1514 2261 1660 2324 pretii

333 2321 593 2384 „vnicuique
619 2322 747 2371 libro
779 2323 1080 2372 statuendum
1106 2323 1192 2383 sit,
1227 2341 1340 2371 cura
1364 2324 1470 2373 Tua
1508 2328 1656 2387 effici,

337 2399 391 2435 vt
407 2387 527 2436 boni
545 2387 659 2436 libri
684 2390 863 2438 salubri
879 2390 1033 2455 pretio
1056 2391 1149 2437 iam
1170 2406 1268 2438 non
1292 2390 1385 2439 sint
1411 2394 1658 2457 parabiles,

336 2466 387 2513 et
409 2453 449 2499 si
479 2454 564 2518 qui
587 2456 861 2521 occurrant,
898 2474 1019 2523 quos
1051 2456 1137 2505 diu
1169 2455 1539 2509 desiderauerint
1566 2463 1657 2511 viri

335 2518 542 2583 eruditi,
591 2522 828 2572 interioris
861 2539 1023 2589 notae,
1080 2523 1369 2574 cohibendas
1411 2527 1507 2576 illis
1554 2546 1656 2579 esse

335 2601 530 2653 manns,
564 2605 816 2654 propterea
836 2591 970 2656 quod
1021 2589 1025 2591 ’
1718 2592 1722 2598 x

480 2664 637 2707 Vnicus
664 2667 746 2710 heu
773 2669 906 2710 fundo
934 2684 1082 2716 numus
1111 2671 1290 2728 suspiret
1315 2672 1361 2714 in
1387 2673 1485 2717 imo,
