1752 3118
455 252 752 296 SECTION.
782 253 870 297 XV.
907 254 948 309 ς.
969 254 1010 296 4.
1321 258 1403 300 323

77 368 187 406 enim
209 368 325 408 sidus
352 380 471 407 suum
497 366 677 406 habebat
709 378 878 418 equum:
915 365 1027 404 vnde
1056 366 1183 409 sidere
1217 370 1309 409 vehi
1341 379 1405 411 est

74 424 188 462 idem
207 438 254 462 ac
277 426 428 464 sidereo
455 435 555 477 equo
574 423 676 462 vehi.
733 421 863 460 Notat
879 428 1018 460 autem
1046 423 1207 474 egregie
1228 423 1328 463 Em
1305 440 1402 478 1p1-

73 479 146 516 des
184 481 281 518 anni
308 486 468 530 tempus
498 477 851 525 feruidissimum‚
882 490 977 515 cum
1007 477 1071 517 sol
1099 483 1142 515 et
1169 478 1290 518 sirius
1318 494 1403 521 vna

74 535 489 574 cir-cumferebantur
559 533 803 572 Adscribam
834 533 977 572 locum
1011 532 1062 580 Q.
1095 531 1264 572 Calabri
1297 536 1399 585 Vnt,

72 592 140 629 28.
166 592 238 644 qui
260 603 350 628 rem
366 589 492 640 plane
517 588 774 628 dilucidabit.

186 646 288 689 Οἷος
315 644 357 684 δ’
385 649 431 684 ἐκ
458 643 650 697 περάτων
680 642 974 695 ἀναφαίνεται
1001 641 1208 686 ωκεανοῒο

185 701 445 750 ΗΕΛΙΟΣ,
483 698 648 749 θηητόν
676 704 745 740 ἐπὶ
772 699 919 766 χθόνα
943 698 1028 753 πῦρ
1059 699 1334 764 ἀμαρύσσων,
1384 745 1386 747 ,

185 756 306 808 Πῦρ,
336 751 404 796 ὅτε
433 760 479 796 οἱ
506 755 686 796 πώλοισι
708 759 784 796 καὶ
810 751 983 810 ἅρμασι
1008 754 1232 814 συμφεμρετ
1264 754 1403 814 α’στηρ

182 811 430 852 ΣΕΙΡΙΟΣ
450 835 507 843 -

186 869 331 920 Qualis
348 882 437 906 vero
459 883 508 907 ex
529 870 672 907 oceani
699 870 881 908 terminis
899 871 1047 908 emieat

181 923 289 969 Son,
324 926 415 977 igni
436 939 554 977 saper
576 931 684 962 terra
707 924 876 963 radians
895 923 1151 970 admirando,

138 1012 140 1014 .
185 980 358 1031 Quando
378 995 469 1018 cum
489 982 603 1033 equis
624 988 664 1017 et
684 994 806 1018 curru
822 981 933 1020 illius
954 981 1238 1034 circumfertur
1252 972 1403 1020 suun.

68 1033 224 1074 Confer
242 1034 382 1074 Schol.
404 1035 456 1073 ad
477 1035 594 1073 Arati
614 1034 836 1074 Phaenom.
856 1048 897 1086 p.
921 1047 987 1074 22.
1008 1042 1050 1074 et
1071 1049 1111 1087 p.
1143 1037 1210 1074 45.
1239 1041 1282 1074 et
1310 1034 1398 1073 Eu-

66 1102 164 1142 nap.
182 1091 227 1128 in
249 1089 434 1130 Iamblic.
458 1105 498 1143 p.
520 1091 585 1131 24.
605 1090 678 1129 vbi
696 1090 930 1155 legendum,
957 1092 1162 1131 ΗΛΙΟΣ
1171 1092 1250 1145 μὲν
1268 1092 1399 1141 ἐφαί-

60 1161 158 1187 νετο
198 1160 324 1198 προς
336 1143 408 1187 τοῦ
434 1146 730 1186 ΛΕΟΝΤΟΣ
767 1142 893 1198 ὅρια,
931 1145 1063 1194 ηνίκα
1103 1147 1400 1187 συνανατέλλει

66 1202 125 1250 τῶ
142 1203 388 1256 καλουμένῳ
409 1203 574 1242 KYNI.
633 1200 759 1246 Quod
778 1207 820 1238 et
840 1201 948 1238 vidit
967 1201 1216 1240 sheodo1us
1245 1200 1398 1240 Cante-

65 1270 150 1295 ruS.
180 1256 377 1295 I'.ovr1vs
432 1255 656 1307 Eleganter
673 1254 777 1294 haec
795 1255 831 1293 Γ
832 1269 982 1307 ouplus
1003 1257 1305 1307 interpretatus
1324 1262 1399 1311 est,

65 1313 192 1351 tacite
218 1311 437 1363 lepudiata
464 1311 626 1350 Pearcii
653 1312 874 1351 sententia.
943 1311 982 1350 ls
1018 1311 1129 1350 enim
1158 1312 1234 1349 ita:
1273 1298 1400 1360 „Vox

64 1371 204 1420 σεῖρος
234 1367 441 1418 significat
470 1375 648 1416 astrum,
685 1366 798 1405 vnde
826 1369 982 1419 σείριος
1012 1374 1075 1406 est
1115 1370 1295 1406 astricus
1327 1367 1401 1423 vel

67 1438 194 1477 equus
216 1427 415 1462 astricus.-
442 1436 540 1461 nam
560 1434 703 1461 omnes
734 1422 929 1474 planetae
959 1437 1054 1462 suos
1086 1422 1241 1461 habere
1273 1414 1400 1474 equos

58 1476 335 1531 putabantur.
347 1483 371 1503 ‘⁴
427 1477 763 1529 Indignissimum
787 1484 894 1516 esset
927 1485 1074 1531 poeta,
1103 1491 1188 1516 non
1222 1477 1398 1516 definire

66 1534 266 1572 stellam
254 1547 411 1586 ipsam,
444 1539 486 1572 et
502 1547 597 1571 cum
625 1527 786 1571 lebtore
804 1533 885 1572 huc
915 1541 957 1573 et
982 1534 1087 1572 illue
1112 1533 1339 1573 fluctuari
1326 1546 1399 1571 m..

65 1596 133 1627 ter
152 1592 351 1642 planetas.
415 1591 568 1629 Certa
601 1595 642 1627 et
664 1602 759 1627 cum
783 1589 872 1627 sole
900 1589 991 1628 fere
1015 1589 1248 1642 procedens
1277 1583 1399 1627 stella

63 1644 305 1696 phantasiae
342 1644 465 1683 debet
498 1644 625 1684 obiici
645 1673 656 1692 ,
705 1650 753 1682 vt
790 1657 839 1683 ea
875 1651 1154 1697 consequatur
1190 1643 1399 1699 ἐνάργεια,

67 1713 201 1763 quae„
192 1700 377 1738 animum
398 1699 579 1738 maxime
602 1705 729 1738 tenet.

57 1748 65 1760 '
151 1755 224 1804 τῆς
261 1754 580 1810 Κασσάνδρας]
634 1768 739 1807 quae
777 1754 920 1795 sabula
962 1739 1178 1808 Euripidis
1218 1761 1282 1794 est
1320 1754 1398 1794 de-

96 1824 141 1849 er
143 1811 239 1850 dita.

63 1824 93 1864 P
154 1864 251 1907 Ἀλλ
276 1882 307 1906 ω
332 1869 541 1917 φίλιπποι
568 1863 709 1919 Τρῶες
727 1867 799 1920 -]
833 1865 896 1905 Ex
919 1864 1132 1917 Euripidis
1159 1864 1400 1909 Alexandra

55 1916 155 1972 ‚siue
187 1922 433 1970 Cassandra,
465 1923 584 1961 cuius
618 1923 848 1960 meminere
884 1920 1139 1972 Hesychius,
1170 1921 1398 1965 Sch01.ad

65 1977 276 2029 Aristoph.
305 1977 459 2026 Ranas,
491 1979 690 2017 Stobaeus
724 1991 809 2016 non
838 1978 982 2016 semel.
1053 1975 1142 2014 Huc
1172 1976 1398 2015 referenda

55 2041 189 2097 ι811111
190 2045 306 2098 quae
336 2033 532 2099 leguntur
571 2033 681 2085 apud
711 2016 1397 2100 Plutarch.Polit.P1aecept.p.

55 2090 164 2154 ι821.
181 2084 359 2142 Ὠσπερ
380 2083 453 2128 οὗν
476 2088 548 2138 τῆς
570 2086 835 2141 Κασάνδρας
855 2087 1088 2136 ἀδοξούσης
1119 2085 1324 2137 α’νόνητος
1343 2102 1396 2136 ην

57 2143 96 2194 ,ἦ
125 2159 314 2199 ααντικη
343 2147 430 2187 τοῖς
460 2146 676 2188 πολίταις·

168 2200 381 2252 ’Ἀκραντα
400 2198 481 2253 γάρ
508 2199 551 2267 μ’
580 2199 709 2250 ἔθηκε
734 2200 954 2247 θεσπίζειν
979 2195 1092 2247 θεός,

181 2259 277 2297 Καὶ
297 2253 403 2306 πρός
424 2253 655 2296 παθόντων
680 2269 761 2302 κᾳν
785 2259 960 2294 κακοῖσι
991 2255 1195 2308 κειμένων

55 2353 61 2357 ,
180 2309 311 2362 Σοφή
335 2312 568 2364 κέκλημαι,
597 2316 699 2363 πρὶν
720 2312 879 2351 παθεῖν
897 2310 950 2358 δὲ,
973 2313 1207 2365 μαίνομαι.

66 2368 147 2408 Vbi
188 2367 416 2405 notandum
450 2366 559 2405 illud
597 2381 806 2422 ακραντα.
882 2366 1047 2417 Quippe
1079 2361 1258 2404 Teucris
1287 2361 1398 2405 haud

67 2424 229 2464 credita
246 2422 483 2460 Cassandra.
541 2421 672 2475 Atque
695 2422 795 2462 hinc
816 2420 1095 2461 emendandus
1117 2418 1313 2471 Orpheus
1337 2415 1395 2455 si-

66 2493 119 2520 ve
139 2480 295 2518 Auctor
316 2478 367 2514 de
390 2476 530 2528 Lapid.
556 2479 643 2526 XX,
663 2491 698 2530 7.

179 2559 235 2566 -—
267 2534 567 2587 Κεχολόνμενος
593 2531 884 2600 Ἀργυρότοξος

178 2588 469 2641 Κασσάνδρην
492 2592 695 2630 ἐκέλευσεν
721 2586 1021 2630 ακουόντεσσιν
1051 2581 1228 2628 ἅπαντα

179 2645 474 2688 ΘΕΣΠΙΖΕΙ
476 2646 521 2685 Ν
545 2643 779 2699 Τρώεσσιν,
807 2642 991 2697 ἐτήτυμα
1013 2658 1091 2698 περ
1111 2642 1401 2695 φρονέουσαν..

1028 2708 1068 2748 Χ
1092 2721 1117 2746 2
