1752 3118
330 289 431 340 ET
468 285 819 337 SCRIPTIS
854 285 1203 336 LONGINI.
1315 307 1449 340 Lxxv

130 417 338 465 τωνικοὶ
356 414 457 476 μὲν
470 411 767 475 Ἀμμώνιος
780 415 873 460 καὶ
891 410 1188 475 Ὡριγένης,
1212 407 1289 467 οἷς
1307 411 1455 475 ἡμεῖς

131 488 190 531 τὸ
217 483 456 540 πλεῖστον
481 480 577 528 τοῦ
592 478 795 543 χρόνου
821 478 1331 543 προσεφοιτήσαμεν,
1366 479 1454 526 α’ν-

130 548 311 613 δράσιν
332 547 435 595 οὐκ
454 546 608 611 ὀλίγῳ
631 547 732 595 τῶν
755 546 887 594 καθ’
914 548 1136 603 ἑαυτοὺς
1153 547 1225 602 εἰς
1248 544 1455 594 σύνεσιν

130 615 494 676 διενεγκοῦσιν.
526 613 846 661 Alexandriae
858 627 962 662 tum
977 612 1336 678 philosophiam
1349 611 1457 660 Pla·

130 682 337 731 tonicam
370 680 578 729 docebat
602 680 890 729 Ammonius
901 718 917 740 ,
963 680 1065 740 cui,
1102 679 1234 744 quod
1267 679 1457 726 iuuenis

133 750 281 797 saccis
307 746 550 814 portandis
572 748 751 797 victum
779 748 1060 813 quaesisset,
1099 746 1311 795 scurrilis
1342 746 1458 794 Ale-

136 814 481 864 xandrinorum
505 813 728 864 dicacitas
748 833 1019 879 cognomen
1043 818 1227 864 Saccas
1256 811 1451 873 indidit,

131 901 229 931 non
255 881 483 930 dissimile
505 882 692 931 nomini
719 886 1057 948 Cybio-sactes,
1101 898 1198 946 quo
1216 917 1230 941 ,
1264 894 1316 929 vt
1339 880 1456 928 Sue-

131 950 290 998 tonius
312 949 363 996 in
383 948 578 1014 Vespas.
610 967 685 1013 19.
711 964 876 998 auctor
894 964 987 1012 est,
1025 948 1144 997 olim
1167 966 1315 996 vnum
1339 964 1364 994 e
1386 965 1458 994 re-

131 1018 268 1079 gibus
298 1016 420 1074 suis,
467 1031 579 1081 post
602 1017 948 1083 Vespasianum
982 1029 1210 1064 notarant.
1278 1015 1457 1078 Magna

128 1083 270 1130 huius
293 1083 577 1149 philosophi
592 1084 717 1132 fama
734 1099 856 1148 erat,
891 1084 1068 1149 partim
1085 1082 1219 1131 iustis
1239 1081 1301 1130 de
1324 1100 1458 1130 caus-

129 1151 191 1198 sis
227 1164 356 1209 orta,
402 1150 572 1215 partim
603 1152 661 1198 ah
691 1151 1108 1207 adolescentibus,
1157 1163 1360 1208 temere,
1412 1164 1460 1198 vt

130 1217 233 1264 fieri
253 1218 392 1277 solet,
424 1218 686 1265 nouitatem
708 1217 986 1282 disciplinae
1003 1215 1302 1274 mirantibus,
1329 1234 1461 1263 eom-

128 1297 271 1331 mota.
339 1283 529 1331 Etenim
552 1302 655 1332 rem
676 1283 937 1333 inauditam
963 1297 1010 1331 et
1028 1299 1183 1348 prope
1200 1281 1460 1330 incredibi-

130 1351 225 1397 lem
251 1351 585 1414 profitebatur‚
622 1369 671 1399 se
693 1369 750 1400 ex
771 1351 1066 1399 diuersarum
1090 1363 1327 1397 sectarum
1352 1366 1458 1396 sen-

130 1416 291 1464 tentiis
316 1434 465 1466 vnum
493 1419 629 1483 quasi
645 1418 983 1483 philosophiae
1008 1434 1186 1482 corpus
1210 1418 1462 1464 confectu-

132 1502 266 1542 rum,
302 1483 650 1549 Platonemque
671 1504 779 1533 cum
795 1485 1053 1534 Aristotele
1075 1485 1126 1532 in
1149 1483 1463 1532 concordiam

131 1550 450 1599 redacturum.
519 1552 620 1600 Sed
655 1551 715 1600 de
739 1553 1002 1601 Ammonio
1026 1566 1158 1599 tanto
1190 1551 1350 1598 minus
1375 1551 1459 1598 hic

132 1618 292 1665 dicere
309 1634 503 1665 necesse
522 1634 617 1679 est,
643 1618 779 1682 quod
799 1633 899 1666 tota
921 1617 1295 1683 philosophandi
1320 1618 1459 1676 ratio,

132 1700 273 1748 quam
294 1698 486 1733 secutus
509 1700 607 1747 est,
642 1703 668 1732 e
696 1685 916 1745 Plotino,
953 1685 1055 1732 eius
1076 1683 1339 1749 discipulo,
1377 1687 1463 1748 qui

129 1751 262 1798 illam
298 1750 449 1799 literis
481 1751 719 1817 prodidit,
781 1752 1077 1815 intelligitur.
1144 1751 1272 1799 Vide
1313 1769 1339 1798 e
1376 1769 1463 1799 ve-

129 1817 315 1878 teribus
324 1816 601 1868 Hieroclem
613 1818 739 1885 apud
749 1820 976 1867 Photium
986 1817 1232 1867 Bibl.Cod.
1242 1818 1462 1867 CCXIV.

130 1904 176 1951 p.
191 1888 300 1932 550.
320 1902 345 1932 e
369 1887 714 1936 recentioribus
725 1886 1062 1935 Moshemium
1075 1885 1275 1936 Dissert.
1293 1886 1353 1933 de
1368 1901 1464 1935 tur-

129 1953 240 2000 bata
276 1969 363 2016 per
393 1952 667 2003 Platonicos
694 1955 892 2003 ecclesia
920 1953 959 2017 ᾗ.
988 1972 1031 2016 7.
1055 1970 1186 2017 seqq.
1212 1967 1259 2001 et
1282 1953 1464 2002 Histor.

133 2019 388 2067 Christian.
424 2023 572 2069 seculi
600 2022 664 2070 II.
700 2022 738 2086 ᾗ.
770 2039 847 2083 27.
881 2039 1010 2085 seqq.
1043 2037 1314 2086 quanquam
1343 2022 1381 2067 is
1412 2022 1462 2069 in

132 2086 296 2134 multis
319 2088 543 2150 fingenti,
581 2108 721 2154 quam
743 2088 937 2138 docenti
963 2088 1164 2136 similior
1195 2101 1293 2135 est..
1322 2088 1463 2135 Alter

132 2152 343 2214 Longini
366 2155 582 2220 magister
602 2172 701 2205 erat
724 2156 958 2221 Origenes
972 2194 988 2216 ,
1025 2155 1239 2203 omnium
1258 2155 1464 2203 Ammo-

133 2220 203 2267 nii
228 2221 602 2286 discipulorum,
649 2224 687 2271 si
714 2224 958 2272 Plotinum
987 2223 1191 2285 excipias
1210 2259 1223 2278 ,
1258 2222 1463 2269 nobilis-

135 2287 306 2346 simus,
343 2306 485 2352 quem
520 2290 691 2339 Suidas
724 2310 767 2339 v.
798 2288 1040 2356 Ἀμὲλιος
1066 2309 1175 2337 cum
1196 2289 1459 2337 Ammonio

134 2354 394 2418 coniungit.
462 2357 714 2408 Hierocles
742 2360 772 2407 l.
797 2378 834 2406 c.
858 2378 903 2424 p.
928 2363 1039 2407 554.
1063 2355 1135 2405 οὗ
1157 2358 1258 2405 τῶν
1283 2356 1461 2420 ymnol-

133 2440 246 2482 μων
268 2425 322 2469 οἱ
344 2425 749 2487 ἐπιφανέστατοι
773 2424 1038 2482 Πλωτῖνός
1059 2444 1112 2473 τε
1139 2428 1233 2472 καὶ
1259 2424 1462 2487 ’stotys-

133 2507 238 2552 νης.
283 2488 430 2537 Multi
462 2493 592 2541 hunc
622 2493 904 2558 origenem,
940 2512 966 2540 a
1003 2491 1280 2540 Christianis
1314 2491 1458 2538 sacris

135 2556 373 2614 alienum,
423 2560 729 2608 confundunt
762 2579 872 2609 cum
907 2561 1088 2626 inclyto
1125 2560 1210 2607 illo
1250 2559 1461 2620 Origene

133 2621 447 2687 Adamasto,
476 2629 725 2676 Ammonii
746 2642 792 2675 et
817 2630 922 2694 ipso
948 2626 1186 2691 discipulo
1202 2665 1213 2687 ,
1241 2641 1463 2689 tanquam

134 2689 205 2736 Io.
237 2689 429 2739 Ionsius
464 2695 525 2744 de
558 2695 731 2762 Script.
755 2696 876 2745 Hist.
901 2695 1025 2745 Phil.
1051 2693 1140 2741 III.
1171 2697 1244 2744 16.
1279 2713 1325 2759 p.
1350 2696 1460 2757 295.
