1752 3118
338 314 435 368 ΕΤ
470 309 821 364 SCRIPTIS
839 311 1212 367 LONGINI.
1387 339 1436 369 01

107 438 305 488 Suidam
331 454 374 486 v.
398 437 676 498 Λογγῖνος,
712 436 795 500 qui
820 436 947 485 solus
976 435 1108 495 hunc
1137 436 1313 486 libmm
1340 458 1435 491 mc..

105 519 284 566 morat,
305 521 395 569 pro
409 507 478 551 Μ
472 503 632 551 ιδιόυ
652 502 877 550 scribitur
897 502 1121 553 Φειδιᾞου
1174 503 1333 560 Quem
1351 504 1432 554 er'-

105 589 262 620 rorem
316 570 523 618 conexit
568 570 900 635 Langbaenius
948 569 996 617 iu
1043 570 1154 618 Vita
1197 570 1424 637 Longini.

101 638 315 686 Pertinet
343 637 423 684 hic
457 637 580 684 liber
608 635 670 684 ad
693 638 1017 704 quaestionem
1041 637 1164 685 iulet
1188 636 1423 689 Rhetores

100 705 342 769 agitatam,
378 703 589 751 Midiana
619 718 778 752 Vtrum
810 717 933 752 esset
947 704 1300 768 χαρακτῆρος
1324 725 1421 754 πα-

98 771 351 834 θητικοῦ,
384 788 442 817 an
477 770 886 835 πραγιιατικοῦῖ)
916 770 1119 818 Photius
1141 770 1267 818 Bibl.
1297 771 1418 821 Cod.

95 837 331 885 CCLXV.
358 856 403 900 p.
428 843 568 898 1470.
596 836 836 895 ω’σαύτως
858 842 952 886 καὶ
987 838 1173 885 ὁκατιὲ
1196 841 1274 886 Me
1272 837 1419 887 ‘'cdcov

94 904 195 952 οὐκ
229 902 318 951 εἷλ’
294 921 421 965 ιγοις
446 901 654 965 γέγονεν
682 907 738 953 ἐν
771 904 994 970 σπουδῆ,
1038 907 1134 952 καὶ
1168 904 1260 969 τῆς
1291 909 1418 984 πρὸς

93 969 354 1035 ἀλλήλους
409 970 845 1036 αμφισβητήσεως
890 971 1135 1035 ιέφορμιὲς
1182 969 1418 1040 παρέσχε.

93 1041 189 1085 καὶ
228 1040 280 1085 οἱ
316 1056 380 1100 μᾶ
380 1056 415 1084 ν
447 1038 544 1085 τοῦ
580 1039 886 1103 παθητικοῦ
904 1038 1293 1102 χαρακτῆρος
1276 1039 1418 1088 εἷναί

91 1118 254 1168 φασιν
287 1104 482 1160 αὐτὸν,
514 1108 650 1167 μετιὲ
683 1089 952 1161 δεινώσεως
988 1120 1290 1168 επειργασμε
1285 1103 1411 1152 ’νον

92 1174 146 1218 οἱ
183 1170 262 1225 δὲ,
306 1171 403 1219 τοῦ
439 1172 826 1233 πραγματικοῦ.
887 1171 971 1219 Sic
991 1170 1248 1247 Longinus
1282 1171 1412 1236 apud

91 1237 297 1285 eundem
354 1236 586 1285 Photium
631 1239 664 1285 l.
710 1256 754 1286 c.
801 1237 1026 1286 orationis
1073 1238 1122 1285 in
1156 1238 1410 1301 Leptiuem

89 1303 366 1367 προοίμιον
401 1304 740 1365 ιῖγωνιστικὸν
775 1320 875 1352 esse
905 1303 1146 1352 iudicauit.
1196 1304 1409 1365 Nescio,

89 1389 147 1418 an
170 1371 253 1418 hic
274 1387 469 1435 quoque
494 1371 615 1419 liber
634 1389 741 1437 pars
761 1371 903 1420 fuenit
926 1371 1027 1418 τῶν
1057 1369 1285 1431 Φιλολοφ
1287 1390 1369 1418 ων.

189 1436 539 1501 Ιπορηματα
563 1437 826 1503 Ὁμηρικα.
884 1435 1068 1485 Suidas.
1124 1436 1414 1500 Exemplum

87 1505 256 1553 talium
277 1504 607 1568 quaestionum
636 1502 988 1554 scribendarum
1020 1501 1155 1551 dedit
1176 1503 1413 1551 Aristote-

86 1572 188 1630 les,
226 1571 360 1618 cuius
392 1570 744 1635 Ἀπορήματα
763 1569 1010 1635 Ὁμήρου,
1044 1583 1229 1635 praeter
1261 1570 1409 1631 alios,

86 1636 247 1686 laudat
274 1636 617 1685 Grammaticus
650 1636 756 1685 MS.
782 1637 1214 1699 Saugermanensis:
1248 1637 1410 1685 Bccoc'-
1455 1676 1457 1678 .

83 1707 246 1753 λισσα.
279 1703 524 1759 Ἀὶκαῖος
542 1702 857 1768 Γανυμήδει.
878 1700 1234 1768 Ἀριστοτέλης
1253 1703 1408 1767 Ομή-

82 1790 180 1837 ρου
209 1768 583 1834 Ἀπορήμασιν.
644 1769 787 1818 Adde
821 1768 1148 1835 Phrynichum
1180 1769 1241 1817 de
1281 1769 1405 1818 Dict.

78 1838 229 1890 Attio.
252 1856 296 1901 p.
324 1854 430 1885 112.
477 1836 647 1885 Postea
670 1837 809 1884 multi
827 1836 1130 1884 Grammatici
1151 1836 1407 1885 huiusmo-

83 1905 135 1953 di
156 1903 513 1969 quaestionibus
534 1903 824 1952 tractandis'
815 1903 1055 1968 ingenium
1078 1917 1403 1963 exetcuerunt,

81 1974 145 2020 de
169 1971 342 2036 quibus
359 1969 467 2018 vide
490 1970 558 2018 Io.
581 1971 797 2022 Wowen
785 1988 884 2017 mm
906 1969 965 2018 de
987 1969 1253 2036 Polymath.
1279 1988 1320 2019 c.
1342 1970 1405 2017 Χ.

82 2059 130 2104 p.
145 2057 221 2101 77.
247 2038 388 2086 Forte
407 2054 463 2085 ex
485 2038 583 2085 hoc
601 2054 746 2102 opere
759 2037 1035 2085 Eustathius
1057 2037 1225 2085 sumsit
1239 2054 1406 2084 emen-

84 2105 296 2157 dationes
329 2102 639 2167 Homericas,
673 2122 789 2170 quas
818 2118 1157 2153 commemorat
1179 2101 1239 2151 ad
1273 2102 1327 2151 11.
1350 2108 1406 2151 A.
1458 2129 1461 2132 >

81 2191 128 2237 p.
156 2175 232 2235 67.
254 2185 300 2220 et
323 2175 432 2222 106

182 2240 248 2287 Εἰ
276 2238 597 2305 φιλόσοφος“
598 2238 846 2305 Ὀμηρος,·
893 2236 1078 2286 Suidas.
1135 2238 1251 2286 Non
1285 2253 1404 2286 Vnus

82 2320 296 2355 veterum
328 2307 419 2354 hac
454 2307 726 2371 quaestione
760 2307 911 2354 otium
954 2323 1095 2352 suum
1131 2303 1404 2352 oblectauit.

83 2374 427 2437 Hermogenes,
451 2373 673 2424 Medicus
689 2374 990 2449 Smyrnaeus,
1009 2374 1125 2435 περὶ
1140 2371 1230 2435 τῆς
1250 2368 1406 2433 Ὁμη-

85 2459 182 2505 ρου
207 2440 391 2504 σοφίας
412 2441 656 2506 scripsisse
680 2430 887 2489 dicitur
876 2458 925 2486 m
943 2457 1041 2487 mat
1044 2455 1176 2486 more
1202 2439 1406 2496 Gracco,

86 2507 223 2572 quod
257 2506 410 2554 edidit
437 2508 491 2555 L.
518 2508 753 2557 Kusterus
789 2508 974 2556 comm.
1008 2503 1155 2554 Acad.
1189 2503 1406 2567 Inscript-

86 2575 227 2622 Tom
261 2572 344 2620 IV.
377 2592 422 2638 p.
456 2577 566 2623 665.
610 2574 742 2623 Vide
767 2574 1015 2623 Dauisium
1044 2570 1104 2620 ad
1132 2571 1259 2621 Max,
1294 2570 1409 2635 Tyr.

85 2641 210 2689 Diss.
231 2640 443 2689 XXXII.
466 2660 510 2706 p.
531 2644 640 2690 615.
676 2641 883 2717 Porph)
876 2640 971 2687 rius
993 2639 1131 2688 etiam
1158 2638 1219 2686 de
1242 2635 1415 2684 codem

89 2727 151 2756 ω’(
140 2722 394 2773 ‚gumento²
450 2710 500 2757 in
532 2708 741 2774 Longini
774 2707 991 2774 glutiam,
1045 2720 1098 2755 vt
1134 2703 1414 2754 Holstenius
