1752 3118
467 314 566 364 DE
599 312 841 362 LIBRO
876 317 938 362 Π.
975 316 1024 362 Υ.
1319 334 1405 365 ext

666 440 704 502 §.
738 437 825 486 IV.

216 526 296 576 Ad
334 525 660 575 definitionem
702 528 912 575 sectione
952 545 996 589 7.
1040 524 1405 594 proponendam

83 594 364 648 commodus
389 608 579 660 paratur
602 594 822 643 transitus
847 593 1060 642 sectione
1086 600 1114 643 5
1135 610 1180 643 et
1205 600 1248 644 6.
1284 597 1416 644 Par--¹

82 665 187 714 titio
224 662 438 711 subiecta
476 674 608 728 spem
649 661 759 708 facit
803 659 1006 709 dilucidi
1037 659 1230 711 ordinis.
1305 663 1405 712 Sed

79 744 331 799 postquam
350 738 462 777 sect.
486 747 528 795 9.
572 732 634 777 (Ie
658 730 953 777 sublimitate
980 731 1031 776 in
1053 733 1405 795 sententiispo-

79 803 176 848 sila
198 796 380 845 dictum
401 805 496 857 est,
533 793 847 859 digressiones
879 810 1165 861 sequuntur,
1201 814 1406 862 quarum

79 866 254 931 prima,
290 868 351 912 (le
382 867 626 912 adiunctis
654 882 820 911 rerum
840 866 892 910 in
914 881 1063 911 vnum
1091 883 1270 928 corpus
1293 883 1405 914 con-

79 935 365 995 iungendis,
412 930 472 977 ad
499 929 621 977 illud
652 930 859 995 primum
891 929 951 977 de
988 931 1255 994 sententiis,
1290 946 1406 980 tam-

80 1017 219 1064 quam
240 1015 345 1064 pars
366 999 647 1057 necessaria,
682 996 806 1044 trahi
828 1011 1010 1062 potest3
1044 999 1252 1047 secunda
1271 1014 1409 1060 vero,

82 1070 145 1113 de
171 1067 553 1127 exaggeratione
573 1101 586 1126 ,
614 1064 672 1111 ab
703 1060 827 1125 ὕψει
857 1078 968 1111 sect.
1001 1082 1055 1111 11
1079 1079 1127 1113 et
1149 1083 1204 1113 12
1231 1065 1407 1114 diserte

80 1147 128 1179 et
147 1132 306 1179 multis
328 1133 484 1179 verbis
506 1130 833 1193 distinguitur3
868 1131 1020 1193 tertia,
1055 1135 1119 1180 de
1138 1136 1410 1181 imitatione
1429 1137 1432 1143 ’

84 1202 380 1262 optimorum
396 1201 692 1261 scriptorum
712 1199 818 1259 (15,
832 1213 858 1243 2
874 1199 1038 1262 seqq.),
1058 1203 1406 1263 παραινετικν)

86 1266 259 1330 magis,
296 1282 437 1329 quam
459 1263 772 1327 δογματική,
807 1264 1004 1311 omnino
1030 1264 1151 1312 viam
1175 1280 1409 1314 monstrat
1442 1311 1446 1314 Δ

83 1333 283 1381 feliciter
310 1330 595 1397 proficiendi
618 1330 669 1377 in
695 1329 902 1378 dicendo
931 1344 976 1378 et
1002 1331 1272 1393 scribendo,
1307 1349 1409 1381 non

83 1401 245 1446 solnm
269 1398 318 1445 in
340 1399 462 1444 elato
485 1415 654 1461 genere
678 1396 884 1444 dicendi.
954 1397 1044 1445 His
1060 1411 1133 1445 tot
1159 1397 1413 1463 digressio-

82 1467 240 1524 nibus,
266 1481 386 1528 quae
409 1463 648 1524 videntur,
675 1463 847 1528 quibus
870 1477 916 1511 et
934 1464 1022 1511 alia
1040 1464 1412 1529 interponuntur

105 1550 170 1579 ier
200 1549 249 1578 se
278 1530 487 1578 iucunda
517 1532 737 1594 cognitu,
779 1529 863 1577 sed
885 1527 1193 1579 incommoda
1218 1532 1412 1581 lectori-

83 1551 190 1653 ims,
226 1598 313 1663 qui
332 1595 550 1644 ordinem
574 1596 871 1661 propositum
893 1599 1096 1662 cogitate
1117 1615 1412 1662 persequun-

84 1679 189 1726 tur,
229 1665 434 1711 alterum
466 1663 645 1711 fontem
678 1663 1005 1725 sublimitatis,
1040 1666 1252 1728 affectas
1271 1668 1412 1714 velze-

83 1742 289 1790 mentes,
325 1731 522 1778 fortasse
547 1747 643 1777 non
669 1730 921 1792 praeteriit,
958 1733 1043 1778 sed
1059 1745 1216 1778 tamen
1235 1733 1414 1780 obscu-

84 1817 193 1847 rum
227 1798 456 1863 reliquit,
502 1797 586 1845 vbi
609 1795 670 1843 ad
699 1813 809 1844 eum
845 1796 1015 1845 clarius
1047 1798 1414 1848 monstrandum

83 1865 330 1914 transierit.
410 1864 736 1922 Veruntamen
769 1881 898 1912 casus
923 1879 970 1912 et
986 1865 1236 1913 hominum
1259 1867 1415 1930 negli-

87 1932 240 1998 gentia
262 1930 315 1979 id
341 1932 536 1979 fortasse
557 1931 668 1979 fecit
690 1931 953 1979 obscurius.
988 1931 1091 1996 Ego
1114 1934 1325 1982 sectione
1353 1937 1411 1981 15

85 1999 296 2055 πάθους
338 1998 666 2064 tractationem
709 1998 943 2047 contineri
978 1999 1218 2048 existimo:
1271 1998 1412 2048 ¹cuius

87 2069 144 2115 ab
181 2066 336 2128 initio,
364 2079 557 2128 statuat,
592 2066 631 2113 si
653 2065 758 2130 quis
789 2066 915 2128 vult,
951 2065 1138 2127 licebit,
1176 2084 1416 2133 perpauca

86 2135 231 2181 verba
253 2132 503 2191 excidisse,
530 2133 703 2198 quibus
728 2132 900 2180 diserte
921 2133 1099 2180 dictum
1118 2134 1280 2194 fuerit,
1316 2135 1415 2183 iam

87 2204 351 2248 secundam
364 2203 563 2262 fontem
588 2201 897 2248 sublimitatis
917 2201 1242 2248 demonstrari.
1304 2201 1414 2250 Me-

86 2268 180 2315 lius
213 2266 309 2315 hoc
350 2267 467 2330 erit,
513 2285 656 2333 quam
687 2268 914 2316 iacturam
942 2269 1122 2333 fingere
1156 2269 1304 2318 totius
1335 2287 1415 2318 ca-

87 2348 212 2400 ptus.
793 2354 805 2366 ·

221 2514 297 2562 De
320 2516 484 2581 figuris
507 2514 749 2582 copiosius
773 2516 959 2566 disserit
981 2530 1163 2576 auctor,
1198 2534 1341 2582 quam
1366 2534 1414 2564 se

87 2582 318 2630 facturum
362 2585 650 2633 ostenderim·
725 2586 920 2633 Dixerat
952 2586 1102 2644 enim,
1150 2601 1200 2631 se
1234 2597 1415 2631 tantum

89 2649 240 2710 ὀλίγα
277 2651 377 2698 τῶν
411 2648 510 2699 ὅσα
542 2650 800 2711 μεγέθους
832 2653 1209 2700 ἀποτελεστικὰ
1235 2665 1413 2715 pertra-

89 2731 323 2773 ctaturum
353 2734 464 2767 esse.
533 2717 630 2766 Sed
651 2720 953 2786 persequitur.
970 2719 1101 2767 hunc
1125 2720 1283 2765 locum
1305 2717 1417 2782 plu-
