1752 3118
269 291 347 339 IN
381 287 688 338 FRONTE
721 288 1092 339 LONGINI.
1208 310 1361 342 chm

37 415 129 462 Par
140 415 346 464 Latonae
364 427 411 462 et
421 413 600 462 Dianae
624 431 734 461 cum
746 412 975 477 Apolline
996 416 1362 466 contubernium

36 482 87 529 in
120 481 300 546 templo
327 480 568 544 Apollinis
600 479 817 528 Palatini.
887 480 1045 528 Testis
1076 481 1278 530 idoneus
1310 485 1363 532 in

34 548 160 603 hanc
189 566 288 595 rem
325 561 395 593 est
422 547 740 610 Propertius
728 566 777 595 in
809 548 1048 611 praeclara
1088 549 1264 610 elegia,
1310 550 1362 597 in

36 634 128 680 qua
162 613 520 674 dedicationem
531 614 589 673 A
589 613 784 677 pollinis
821 615 1023 662 Palatini
1057 615 1262 668 celebrat
1296 631 1359 678 et,

35 678 222 745 quibus
241 681 383 743 signis
397 698 586 739 munus
607 679 730 729 illud
757 680 1190 745 splendidissimum
1220 684 1361 731 efful-

32 749 178 823 serit,
209 746 386 806 ordine
395 762 739 804 commemorat
758 748 853 810 (11,
878 751 953 795 25.
973 748 1088 813 15.:)

86 815 248 865 Deinde
272 828 574 865 intewmatrem
601 827 702 871 deus
731 829 840 879 ipse,
887 828 1070 879 interque
1101 841 1274 868 sororem

142 892 318 946 Iffytln'as
347 895 392 938 iu
417 894 543 946 longa
567 894 756 939 carmina
783 901 890 932 veste
916 901 1050 932 sonat.

29 958 103 1007 Ex
136 976 234 1022 quo
266 960 389 1009 loco
425 967 556 1010 reclt'e
591 959 887 1024 colligimuS,
943 960 1179 1024 appositas
1211 961 1358 1010 fuisse

31 1027 165 1089 signo
190 1026 432 1090 Apollinis
448 1026 678 1087 Palatini,
711 1044 852 1090 quem
875 1026 1006 1076 Actii
1015 1029 1063 1079 ,Α
1071 1028 1264 1090 pollinis
1287 1029 1358 1076 in-

31 1106 128 1140 star,
158 1094 382 1143 stolatum
418 1095 560 1142 fuisse
602 1111 628 1141 e
663 1112 814 1142 numo
855 1093 1111 1142 Commodi
1151 1094 1356 1159 pulchre

31 1159 199 1207 docuit
226 1163 487 1209 Ecklzelc‘us
517 1162 576 1208 D.
599 1160 663 1208 N.
678 1161 737 1208 V.
764 1160 904 1209 Tom.
918 1160 1032 1209 VII.
1072 1180 1115 1225 p.
1136 1166 1241 1208 124.
1277 1163 1355 1224 (cf.

28 1229 296 1288 Spanhem.
330 1226 391 1274 ad
418 1227 610 1278 Gallim.
642 1227 692 1274 in
722 1227 886 1290 Apoll.
914 1228 1027 1289 55.)
1073 1228 1275 1275 Dianam
1308 1243 1356 1275 et

27 1291 266 1344 Latonam
298 1293 470 1341 eodem
497 1294 655 1341 forsan
685 1293 853 1342 habitu
887 1307 935 1341 et
967 1294 1164 1355 vestitu,
1209 1312 1357 1359 quem

28 1358 242 1410 Graecus
251 1361 420 1410 art-ifex
436 1375 722 1425 expressum
738 1378 971 1409 marmore
984 1376 1164 1413 nostro.
1178 1361 1357 1418 Quod-

30 1428 73 1474 si
89 1427 292 1490 argutari
309 1429 564 1489 vellemus,
601 1428 875 1475 coniectura
897 1427 1061 1475 haud
1048 1428 1360 1492 improbabili.

32 1494 165 1541 ducti
181 1494 302 1541 illud
313 1512 510 1559 quoque
529 1496 880 1556 affirmaremuS,
902 1493 1246 1552 citharoedum,
1272 1495 1359 1558 qui

30 1561 273 1625 Apollinis
294 1579 545 1625 personam
566 1562 658 1608 sibi
688 1560 928 1609 induerit'
915 1581 964 1608 m
986 1561 1085 1610 hoc
1103 1579 1309 1608 marmm
1313 1578 1359 1620 e,

32 1629 238 1688 deabus,
283 1646 397 1691 quas
426 1646 561 1678 more
582 1630 784 1676 solemni
814 1628 905 1676 sibi
935 1628 1113 1692 apponi
1142 1628 1364 1687 iusserit,

29 1694 255 1744 mulieies
297 1695 706 1757 consanguinitate
737 1695 828 1741 sibi
873 1696 1112 1759 proximas
1156 1695 1358 1758 exprimi

29 1761 221 1809 iussisse
250 1762 308 1808 ab
345 1762 532 1809 artifice.
586 1761 684 1813 Sed
712 1761 933 1825 frigerent
961 1762 1191 1827 profecto.
1244 1761 1358 1808 Suf-

30 1829 132 1876 ficit
153 1843 340 1890 tenere,
371 1829 592 1893 Apollini
611 1827 891 1876 citharoedo
913 1828 1000 1876 has
1022 1827 1131 1876 deas
1156 1828 1357 1876 comites

31 1894 217 1943 additas
241 1895 382 1943 fuisse
406 1910 453 1942 et
473 1893 760 1960 παρέδρους
786 1896 936 1959 (fugit
956 1895 1075 1943 haec
1099 1894 1358 1959 παρεδριά

29 1962 347 2010 Arnaldum
333 1981 383 2010 m
413 1964 581 2011 libello
621 1963 927 2021 doctissimo,
963 1964 1047 2009 sed
1078 1963 1253 2039 primas
1287 1962 1358 2008 rei

29 2030 179 2078 lineas
205 2043 384 2078 tantum
405 2033 698 2098 complexo).
755 2029 1100 2080 Adiiciendae
1087 2030 1229 2093 igitur
1248 2029 1358 2076 fue-

32 2109 148 2144 runt
180 2097 262 2143 hic
304 2114 524 2162 quoque,
580 2112 630 2147 vt
659 2095 828 2144 ordine
857 2096 1172 2163 procederent
1201 2095 1360 2143 omnia

33 2181 125 2212 nec
145 2163 276 2211 sibi
263 2182 365 2228 ipse
391 2163 557 2213 deesse
581 2164 823 2213 videietur
836 2201 852 2223 ,
891 2164 974 2227 qui
997 2178 1089 2211 tam
1110 2163 1361 2227 magnifice

35 2248 140 2278 sese
170 2232 387 2292 offerret,
434 2230 738 2280 citharoedus
768 2248 971 2279 vacuum
1000 2230 1251 2289 verticem,
1310 2242 1363 2275 vt

36 2317 149 2345 cum
172 2297 424 2347 Venusino
446 2313 586 2364 poeta
618 2299 899 2363 loquamur,
947 2297 1052 2362 plus
1084 2297 1233 2344 nimio
1270 2295 1364 2342 ῐοΙ-

33 2366 152 2412 lens.
222 2364 345 2412 Nam
375 2366 472 2414 fuit
503 2366 736 2430 gloriolae
772 2364 1075 2430 cupidissima
1106 2379 1153 2411 et
1187 2364 1365 2410 iactans

37 2449 141 2479 sese
171 2430 433 2480 immodice
459 2451 573 2495 gens
600 2434 689 2480 ista
711 2430 1099 2480 citharoedorum
1127 2445 1174 2478 et
1204 2442 1367 2477 canto-

37 2517 173 2576 rum3
210 2516 351 2563 quam
381 2500 430 2546 in
460 2501 765 2564 Hermogene
784 2499 992 2565 Tigellio
1030 2496 1253 2563 graphice
1289 2495 1369 2542 de-

37 2566 191 2630 pinxit
218 2565 695 2614 Horatius..

140 2632 400 2682 Enimuero
423 2634 566 2684 audio
587 2636 697 2695 hic,
743 2635 827 2701 qui
852 2634 1031 2696 dicant,
1070 2647 1262 2695 grauem
1283 2629 1369 2676 im·

41 2700 228 2765 pietatis
265 2699 463 2751 dicam
451 2703 647 2770 impingi
679 2703 916 2767 potuisse,
963 2701 1236 2767 quicunque
1268 2709 1370 2743 tan·

898 2787 921 2806 ε)

898 2808 920 2817 a·
