1718 3122
267 253 349 295 486
508 316 515 319 A
557 248 781 294 NOTAE
821 254 903 294 AD
945 253 1023 294 DE
1060 255 1310 298 SVBLIM.

358 363 545 422 σώμασι]
574 361 723 407 Filius:
753 396 777 418 „
792 366 978 433 στόμασι
997 367 1027 408 f.
1060 381 1223 409 verum.
1279 367 1469 410 vinculis
1498 385 1601 411 con-

272 421 581 479 strIngeba'ntu'r
623 424 876 464 cistularum
915 426 1091 464 istarum
1132 426 1236 464 ostia
1280 432 1322 464 et
1344 428 1574 492 'opeiculau
1572 433 1599 453 “

271 477 355 525 lta,
371 484 506 530 (1118111
527 480 604 518 ‚ille
629 479 866 543 ignorabat,
890 481 1072 521 Pomvs:
1099 483 1246 530 »Τοῖς
1279 481 1490 536 στόμασι.
1518 482 1600 524 τῶν

272 532 571 588 qlwzsstoxo'pcwv
600 535 689 584 δηλ.
711 536 741 574 1.·
767 550 802 574 8.
837 544 1011 591 propter
1043 538 1265 588 opercula,
1314 548 1417 590 quae
1448 539 1600 576 loculis

271 589 503 628 istiusmodi
520 591 806 643 imponuntur.
817 597 842 617 “
897 591 980 630 Sed
1000 605 1078 630 nec
1101 592 1271 645 grauior
1289 592 1393 632 haec
1413 594 1600 631 auotori-

272 649 333 682 tas
353 658 419 683 me
439 653 592 694 mouet,
618 654 666 685 vt
686 646 794 685 illud
816 661 838 686 e
856 647 1106 699 Langbaenii
1128 649 1366 686 coniectura
1384 649 1601 700 prolatum

271 706 441 739 mutem.
497 700 806 741 Difficillimum
829 703 942 741 enim
963 708 1044 752 est,
1073 703 1210 742 animo
1242 703 1442 755 effingere
1471 717 1603 755 oper-

272 756 415 794 culum
435 756 530 794 talis
552 770 672 795 arcae
681 785 697 803 ,
725 772 808 809 quo
829 763 963 797 totum
978 771 1150 811 corpus,
1178 764 1220 797 et
1236 760 1398 798 saluum
1419 759 1601 811 quidem,

269 810 313 848 in
335 813 540 862 angustius
568 820 750 863 cogatur.

325 866 496 907 κωλύειν
505 871 580 907 καὶ
590 866 804 922 συνάγειν]
824 868 893 907 Sic
913 873 1051 907 recte:
1080 875 1121 907 et
1131 869 1214 908 hoc
1235 876 1326 907 tum
1344 870 1396 908 de
1422 885 1601 924 corpore,

268 927 359 960 tum
382 922 433 960 de
453 926 590 961 animo
610 931 869 975 vsurpatum.
892 924 1184 962 Artemidorus
1204 924 1271 972 111,
1295 925 1363 975 47.
1393 925 1496 967 Πᾶν
1516 925 1601 980 γοὲο

270 976 453 1028 εἰδεχθὲς
471 981 548 1018 καὶ
573 978 884 1032 δυσπρόσωπον
902 979 1065 1031 ὁραθὲν
1100 980 1378 1026 ΣΤΝΛΓΕΙ
1400 997 1478 1024 τας
1509 989 1602 1035 ψυ-

266 1032 353 1084 χάς
371 1033 455 1075 τῶν
473 1033 666 1086 ὁρώντων
686 1040 763 1075 καὶ
785 1037 1005 1077 συστέλλει.
1063 1035 1261 1075 Ceterum
1288 1036 1508 1075 manifesto
1524 1049 1604 1083 re...

269 1088 408 1139 spexit
422 1089 631 1142 Longinus
651 1090 703 1128 ad
730 1091 948 1131 Platonem
983 1091 1029 1129 in
1058 1091 1290 1129 Theaeteto
1323 1105 1363 1144 p.
1403 1092 1491 1130 150.
1524 1079 1604 1131 Ed.³

268 1143 378 1195 Lips.
405 1143 495 1194 Τήν
513 1143 597 1200 γάρ
618 1143 832 1190 ΛΥΞΗΝ
848 1151 924 1187 καὶ
951 1145 998 1187 zo*
1017 1145 1121 1187 εὐθύ
1141 1162 1183 1187 τε
1199 1150 1276 1186 καὶ
1306 1145 1354 1187 τό
1382 1149 1423 1186 ἐ)
1425 1145 1600 1200 εύθερον

267 1216 294 1248 η
312 1204 355 1239 ἐκ
368 1203 489 1242 νέων
497 1202 769 1243 ΔΟΥΛΕΙΛ
791 1201 1030 1259 ἀφῄρηται.
1058 1201 1095 1240 Γ
1099 1215 1261 1242 ovmvs

351 1255 520 1311 δεσμόν]
535 1256 644 1296 Puto
661 1257 771 1297 nihil
783 1259 900 1298 aliud
920 1271 1019 1306 esse,
1041 1271 1166 1309 quam
1180 1256 1325 1297 illud
1311 1271 1447 1309 ipsum
1466 1260 1602 1310 γλωκ

268 1309 475 1366 τόκομον,
499 1312 615 1364 (111οᾱ
635 1313 735 1365 q'uia
750 1314 846 1352 satis
875 1312 1075 1376 οἷκριβῶς
1094 1312 1264 1364 corpori
1296 1312 1600 1353 circumdatum

269 1367 451 1421 cogitare
481 1368 702 1418 debemus,
753 1369 919 1414 vinculi
948 1375 1039 1407 erat
1063 1368 1203 1408 instar.
1272 1367 1430 1407 Notum
1459 1375 1600 1408 autem

268 1428 351 1471 est,
375 1437 453 1462 nec
474 1425 672 1476 ignmare
701 1431 876 1477 poterat
895 1423 1124 1476 LonginuS,
1153 1437 1426 1476 quaecunque
1445 1438 1600 1487 corpo-

267 1492 315 1517 ra
333 1479 432 1518 viua
454 1486 653 1529 8188811111,
671 1493 818 1519 eorum
844 1486 987 1533 partes
1007 1492 1031 1518 a
1056 1479 1314 1526 durioribus,
1348 1479 1383 1517 si
1413 1494 1493 1532 qua
1511 1480 1596 1518 im-

266 1534 472 1584 mineant,
509 1535 663 1574 sensim
694 1536 907 1575 recedeie.
961 1535 1103 1587 Itaque
1126 1548 1268 1574 01111188
1293 1535 1600 1588 Pygmaeorum

264 1596 406 1640 paites
440 1597 639 1630 externae
667 1591 942 1639 recedebant,
983 1590 1038 1634 ὥς
1063 1589 1226 1642 οἷόντε,
1267 1589 1376 1644 πρός
1406 1589 1456 1632 τό
1485 1593 1598 1639 εἵσω,

267 1658 397 1696 80(1118
418 1660 595 1698 corpora
615 1648 768 1687 sensim
788 1647 984 1685 coibant'
972 1660 1018 1684 m
1038 1647 1207 1685 arctius.
1264 1646 1476 1685 Boilavius
1502 1660 1598 1685 cum

265 1700 358 1738 aliis
381 1701 432 1739 de
448 1702 618 1740 vinculo
642 1702 814 1754 proprie
831 1703 891 1740 sio
923 1702 1035 1740 dicto
1056 1703 1356 1767 interpretatur
1373 1702 1438 1740 his
1455 1702 1598 1741 verbis

264 1769 384 1794 Vsus.
412 1759 534 1812 (elles)
557 1758 613 1796 les
632 1758 799 1796 rendent
817 1759 909 1811 plus
920 1763 1069 1810 petits,
1091 1771 1173 1811 par
1198 1758 1234 1796 le
1263 1761 1395 1796 moiaen
1419 1758 1467 1797 de
1494 1765 1600 1796 cette

265 1803 395 1851 bande
417 1813 517 1851 dont
535 1827 587 1851 on
605 1813 692 1852 leur
712 1821 876 1852 entoure
893 1815 929 1852 le
950 1827 1076 1866 corps.
1131 1813 1196 1851 Ad
1225 1813 1327 1852 haec
1358 1812 1598 1852 Dacierius:

264 1866 380 1916 „Par
402 1874 511 1907 cette
530 1869 663 1908 bande
681 1867 847 1920 Longin
867 1868 1021 1907 entend
1051 1881 1142 1906 sans
1174 1868 1301 1907 doute
1331 1869 1402 1908 des
1434 1868 1601 1908 bande-

264 1913 387 1961 lettes
409 1924 514 1962 dont
540 1937 595 1962 011
623 1923 920 1963 emmaillotoit
950 1924 1012 1962 les
1043 1923 1244 1976 Pygmees
1272 1924 1418 1977 depuis
1442 1924 1487 1962 la
1514 1922 1598 1962 tete

263 1980 429 2031 jusques
459 1994 542 2018 aux
573 1979 707 2031 pieds.
720 1984 745 2004 “
797 1979 878 2018 Sed
901 1992 973 2032 ego
996 1979 1167 2032 quidem
1198 1979 1306 2027 hanc
1330 1980 1384 2019 ad
1405 1992 1499 2018 rem
1519 1979 1600 2017 fir·-

264 2033 460 2073 mandam
483 2035 653 2088 requiro
674 2035 971 2074 testimonium.
1025 2034 1201 2087 Longini
1224 2042 1339 2074 certe
1361 2036 1501 2075 verbis
1523 2047 1599 2073 re.-

264 2093 622 2145 pugnantsaseiae
635 2093 892 2145 peculiares:
918 2091 1229 2146 γλωττοκόαοις
1250 2092 1376 2129 etiam
1396 2091 1599 2130 imminu-

264 2147 326 2184 tio
350 2159 576 2198 corporum
598 2147 817 2196 tribuitur,
837 2160 971 2199 neque
990 2133 1144 2186 dicitui·
1165 2145 1239 2187 δια
1258 2163 1332 2188 τον
1351 2143 1447 2202 ἅμα
1474 2159 1599 2200 περι-

265 2217 376 2256 κειμ.
405 2209 483 2242 etc.
514 2203 585 2241 sed
615 2203 704 2241 sine
726 2199 822 2258 ἅμα
845 2202 1093 2254 simpliciter
1124 2201 1197 2242 διοὲ
1220 2220 1252 2243 τ.
1277 2233 1285 2242 .
1319 2202 1515 2258 .δεσμόν.

348 2258 388 2311 §⁸
414 2257 453 2297 6.
482 2257 580 2311 Ὲγω
602 2262 814 2314 μέντοιγε
837 2257 1150 2312 ὑπολαμβάνω]
1193 2233 1467 2297 scribendum
1501 2272 1598 2298 cum

265 2313 431 2362 Tullio,
463 2312 562 2369 'Eyw
587 2317 734 2370 μέντοι
761 2329 807 2365 7⁸
854 2315 1378 2361 ΥΠΟΛΑΜΒΑΝΩΝ,
1422 2313 1599 2364 Ῥᾴδιον,

263 2370 397 2410 EOEH
401 2371 449 2409 N
516 2373 578 2424 F
562 2385 610 2408 σο
636 2385 728 2409 vem
760 2385 850 2408 eum
881 2373 1108 2424 excipiens,
1149 2372 1289 2411 Facile
1313 2379 1396 2420 est,
1435 2373 1599 2424 inquae-

266 2425 371 2468 bam.
429 2425 497 2464 Sic
514 2425 667 2464 Noster
686 2423 844 2474 infra,
848 2421 904 2465 '07
908 2442 962 2470 ως
982 2430 1058 2466 καὶ
1076 2424 1275 2467 δαπανον
1291 2428 1333 2466 F
1330 2427 1422 2466 ΦΗ
1423 2429 1468 2467 Ν
1484 2426 1598 2466 εἶναι

266 2482 346 2522 τῶν
367 2497 442 2523 νυν
461 2485 727 2537 ςεννωιιίνων
743 2479 908 2532 φύσεων
930 2498 1006 2532 την
1028 2482 1267 2538 ῥαθυμίαν.
1295 2482 1375 2520 Dio
1388 2482 1597 2534 Chrysost.

266 2537 383 2576 Orat.
408 2540 475 2576 28.
520 2528 673 2591 Ὀρθῶς
709 2540 857 2592 μέντοι
889 2540 1066 2579 ΕΦΗΝ
1092 2537 1598 2579 ΤΙΪΟΛΑΜΒΑΝΩΝ.

266 2592 380 2639 Quae
401 2601 652 2644 sequuntur,
679 2595 1053 2649 καταμέμφεσθαι
1065 2593 1118 2635 w?
1145 2593 1212 2634 οἷεὶ
1243 2593 1463 2647 παρόντα,
1492 2605 1594 2645 per-

263 2663 411 2702 peram
432 2650 714 2689 sollicitarunt
730 2649 815 2689 viri
840 2650 1007 2691 eruditi.
1063 2649 1231 2691 fefellit
1256 2649 1446 2692 homines
1474 2653 1595 2688 notu»
