1752 3118
383 204 409 225 l

293 296 379 337 272
579 284 800 325 NOTAE
836 285 920 328 AD
955 286 1042 326 DE
1085 286 1337 327 SVBLIM.

292 398 359 438 25.
418 397 571 438 Versus
591 395 765 438 Homeri
787 405 848 438 est
865 411 917 437 ex
937 397 984 438 11.
1005 401 1057 448 A,
1081 399 1185 437 443·
1207 399 1254 438 in
1278 414 1357 452 quo
1375 400 1423 442 τό
1438 399 1619 457 Ὁμήρου

291 456 556 518 μεγαλοφυὲς
573 459 635 493 est
656 455 937 505 accusatiuus,
972 461 1014 494 et
1029 454 1078 497 to*
1105 454 1167 496 ἐπ
1188 455 1374 510 οὐρανόν
1399 457 1619 513 διάστημα

289 509 581 549 nominatiuus.

372 565 424 607 οὐ
442 566 605 630 μᾶλλον
624 565 696 616 τῆς
704 566 905 620 Ἔριδος
886 584 912 617 η
905 566 1109 625 Ὁμήρου
1126 569 1297 625 μέτρον]
1329 568 1483 608 Mirum
1505 546 1620 622 quod

287 622 484 662 nonnulli
509 625 666 676 μέτρον
692 622 734 662 11
766 623 795 660 l.
823 638 978 664 versum
1018 638 1105 663 esse
1133 631 1346 677 putarunt.
1403 625 1464 663 lta
1493 625 1618 664 Gori:

289 679 364 718 che
394 686 534 733 questo
552 679 668 731 jbese
698 693 811 718 verso
841 681 914 732 piis
942 689 1048 720 tosto
1071 681 1175 720 della
1203 682 1449 727 Discordia,
1480 683 1553 720 che
1576 681 1617 719 d’

291 737 458 782 Omero;
486 746 588 772 num
607 733 898 773 Pizimentium
931 743 1094 775 secutus
1110 737 1129 774 ἶ)
1176 736 1254 775 Hic
1275 737 1351 775 ita:
1383 751 1464 775 non
1484 739 1618 789 magis

288 791 426 830 Eridis
435 819 450 836 ‚
479 804 603 844 quam
618 793 792 829 Homeri
810 805 972 830 carmen
989 808 1082 831 esse.
1145 792 1351 831 Audacter
1373 793 1432 831 ita
1451 793 1617 830 locutus

286 852 350 884 est
381 845 605 897 Longinus,
629 858 708 896 pro
733 844 900 883 feruido
925 847 1054 897 ipsius
1087 848 1276 899 ingenio-3
1308 861 1330 885 e
1361 848 1616 886 sublimitate

284 901 403 939 illius
423 901 526 939 dicti
550 913 744 951 magnum
770 899 972 939 Homeri
959 903 1171 953 mgenium
1202 903 1504 942 aestimandum
1528 902 1625 942 esse

282 955 530 1007 significans.

370 1011 411 1064 ς.
435 1012 471 1052 5.
497 1009 545 1050 vo*
563 1010 812 1065 Ἡσιόδειον]
842 1011 889 1050 111
914 1011 1026 1050 Scut.
1045 1011 1167 1050 Herc.
1187 1012 1284 1063 267.

354 1065 508 1107 Ὅσσον
522 1065 562 1106 δ’
585 1065 789 1120 ἠεροειδὲς
808 1069 902 1120 etc.]
945 1067 1050 1106 Sunt
1070 1081 1129 1106 ex·
1139 1068 1256 1106 Iliad.
1279 1071 1338 1119 Ε,
1370 1081 1449 1120 770
1467 1080 1521 1106 ss:

364 1121 561 1178 κοσμικῷ
583 1121 862 1178 διαστήματι]
894 1123 993 1162 Scil.
1023 1121 1116 1163 α’πό
1139 1123 1212 1172 τῆς
1231 1124 1433 1171 σκοπιᾶς,
1465 1126 1613 1178 spatio,

283 1180 396 1234 quod
416 1181 672 1218 interiectum
693 1187 754 1217 est
768 1182 874 1218 inter
892 1181 1140 1218 horizontem
1169 1187 1210 1219 et
1229 1183 1337 1220 inter
1358 1182 1517 1218 oculum
1535 1180 1613 1218 ho-

282 1238 409 1275 minis
427 1243 541 1274 trans
561 1249 670 1273 mare
679 1264 694 1281 ,
721 1235 810 1273 siue
835 1236 895 1274 ad
915 1236 1179 1283 horizontem,
1201 1238 1500 1302 prospicientis.
1529 1235 1614 1273 Re-

283 1298 348 1336 cte
371 1291 567 1342 deinceps
591 1290 702 1328 illud
728 1290 903 1329 dicitur:
933 1289 988 1331 ὀίν
1010 1289 1079 1334 δὶς
1093 1291 1219 1340 ἑξῆς.
1275 1298 1346 1333 ἐν
1365 1290 1512 1346 κόσμῳ
1539 1289 1611 1331 τό-

281 1362 378 1388 πον.
434 1346 543 1385 Nam
574 1345 788 1384 dimidiam
821 1353 984 1386 tautum
1023 1347 1131 1384 coeli
1158 1353 1322 1399 partem
1349 1362 1433 1386 vno
1455 1347 1613 1385 intuitu

279 1404 453 1442 metitur
483 1401 610 1440 homo
636 1403 681 1439 in
707 1403 874 1454 specula
901 1402 1058 1441 sedens.
1113 1402 1258 1465 Neque
1292 1403 1447 1455 pictori
1472 1409 1611 1441 autem

278 1471 414 1510 neque
432 1463 579 1510 poetae
593 1486 604 1506 ‚
634 1457 706 1510 qui
723 1471 798 1495 suo
821 1471 937 1496 more
955 1458 1120 1509 aliquid
1137 1458 1279 1510 pingit,
1307 1458 1450 1497 oculos
1474 1457 1519 1495 in
1541 1457 1610 1494 di-

277 1527 418 1552 versas
436 1519 575 1566 partes
597 1519 844 1551 conuertere
860 1513 983 1562 licet3
1009 1512 1212 1552 hactenus
1234 1521 1377 1563 certe,
1407 1520 1610 1566 quatenus

277 1570 387 1616 coeli
407 1569 696 1632 tantummodo
716 1576 908 1621 quartam
932 1575 1108 1621 partem,
1137 1570 1224 1608 siue
1247 1569 1536 1621 quadrantem,
1560 1575 1611 1607 vt

276 1622 580 1664 mathematici
578 1631 761 1673 vocant,
786 1626 930 1664 eodem
953 1625 1153 1676 adspectu
1171 1639 1385 1676 possumus
1414 1625 1607 1676 comple-

277 1681 346 1720 cti.
403 1684 460 1719 At
483 1693 587 1719 vero
615 1686 732 1729 sunt,
761 1681 834 1732 qui
861 1681 1105 1742 vituperent
1132 1680 1173 1719 h.
1201 1681 1233 1719 1.
1265 1680 1518 1744 Longinum,
1559 1687 1609 1718 vt

274 1737 347 1788 qui
374 1736 502 1775 saltus
534 1748 739 1788 equorum
771 1736 1013 1774 coelestium
1039 1736 1085 1773 in
1107 1736 1238 1774 maius
1261 1737 1443 1776 auxerit.
1501 1736 1606 1774 “In-

275 1793 422 1844 dignor
456 1792 599 1830 vero”
630 1793 755 1846 (sunt
779 1792 915 1843 'verba
942 1791 1207 1830 Wakefieldii
1235 1791 1340 1830 Silv.
1364 1792 1466 1830 crit.
1496 1791 1540 1832 P.
1564 1792 1606 1839 l,

272 1861 311 1900 p.
339 1850 405 1899 17)
439 1852 668 1899 “magnum
687 1840 902 1886 rhetorem
923 1853 1008 1885 tam
1027 1847 1251 1898 pueriliter
1271 1848 1478 1899 accepisse
1499 1862 1605 1899 poe..

271 1910 339 1942 tae
361 1903 732 1954 comparationem.
792 1902 905 1949 Quid
929 1903 1039 1940 enim
1055 1902 1075 1939 ’.Ρ
1105 1917 1211 1942 anne
1232 1904 1351 1941 homo
1374 1904 1501 1942 ocula*
1525 1907 1603 1942 νί-

271 1960 388 1998 dere
414 1960 551 1997 solet
578 1973 732 2012 usque
761 1958 831 1997 ad
858 1959 1001 1997 orbis
1030 1966 1288 1997 terrarum
1319 1961 1604 1997 terminos?

269 2017 389 2053 Anne
428 2014 556 2053 iidem
585 2021 680 2053 sunt
707 2015 929 2054 horizontis
965 2014 1167 2054 sensibilis
1198 2013 1326 2064 fines,
1369 2014 1442 2065 qui
1475 2018 1603 2054 totius

268 2071 444 2110 mundi?
482 2071 627 2109 Altum
651 2069 894 2109 mehercule
929 2069 1186 2118 dormiebas,
1225 2069 1426 2121 Dionysie
1440 2078 1455 2118 3*
1491 2070 1601 2110 nihil

269 2127 380 2165 enim
409 2132 496 2164 tam
527 2126 741 2179 ineptum,
782 2125 887 2163 mihi
911 2126 1056 2173 crede,
1095 2124 1350 2164 mollebatur
1381 2132 1600 2177 poetarum

266 2182 469 2235 princeps
497 2189 550 2220 et'
571 2181 958 2234 prudentissimus.”
1015 2180 1175 2219 Durior
1203 2187 1265 2219 est
1297 2181 1399 2219 haec
1429 2181 1599 2233 vitupe-

265 2238 398 2276 ratio:
458 2237 686 2277 modestius
728 2244 818 2275 erat
850 2236 1007 2289 aliquid
1035 2235 1335 2288 requirendum
1367 2237 1413 2274 in
1442 2236 1597 2275 iudicio

264 2292 451 2345 Longini.
509 2293 643 2339 Locus,
669 2289 841 2339 Homeri
864 2305 962 2330 sane
988 2305 1073 2330 non
1101 2292 1213 2344 capit
1231 2299 1369 2331 tantos
1393 2306 1598 2344 equorum

264 2349 418 2399 saltus,
457 2355 633 2401 quantos
649 2349 730 2387 ille
754 2354 899 2390 noster
920 2348 971 2386 iis
991 2347 1141 2386 tribuit
1153 2359 1181 2396 ,“
1202 2347 1273 2386 sed
1293 2354 1454 2386 tantum
1478 2362 1597 2387 com-

263 2405 474 2456 parandos
502 2418 598 2443 cum
629 2405 786 2457 spatiO,
815 2403 925 2456 quod
951 2403 1237 2455 longissimum
1259 2403 1394 2442 oculis
1423 2404 1594 2459 prospi-

265 2473 361 2499 cere
374 2474 593 2513 possumus
609 2464 661 2499 in
682 2463 848 2499 terris.
881 2460 1038 2498 Verum
1052 2465 1225 2507 constat,
1253 2459 1485 2511 Longinum
1500 2459 1593 2498 vbi-

263 2528 343 2568 que
381 2517 639 2569 scriptorum
677 2515 809 2554 verba
847 2529 869 2553 e
898 2514 1101 2553 memoria
1138 2521 1347 2567 vtcunque
1387 2521 1591 2567 repetere.

262 2571 339 2610 Hic
369 2579 509 2611 autem
535 2572 625 2610 'non
650 2573 873 2626 pueriliter,
897 2571 969 2609 sed
1001 2573 1121 2609 nimis
1142 2571 1258 2610 docte
1278 2571 1440 2622 accepit
1461 2571 1591 2608 verba

261 2635 430 2679 poetae,
458 2641 562 2680 quae
582 2641 667 2666 non
688 2628 771 2665 iam
795 2627 1020 2679 diligenter
1042 2626 1355 2665 examiuauerat
1374 2626 1426 2663 ob
1446 2625 1590 2663 oculos

260 2684 372 2734 ipsos
390 2684 540 2737 posita.⁴
566 2683 848 2722 ‘Horizontem
870 2683 924 2721 iis
942 2681 1216 2734 significatum
1237 2694 1322 2720 non
1343 2680 1480 2720 voluit
1502 2693 1588 2719 esse
1651 2723 1657 2729 ,
1714 2674 1734 2716 ’ἲ
