1758 3162
336 292 440 325 xxx
768 274 1219 328 PRAEFATIO

333 423 503 476 patum
530 407 679 456 fuerit
713 426 803 474 pro
826 407 937 457 Lat.
971 414 1127 471 adeo)
1174 428 1232 459 ac
1266 430 1368 460 non
1402 415 1564 478 quiuis
1599 414 1663 466 de

333 499 544 565 populo,
567 498 669 547 sine
690 498 787 546 vlla
803 498 1095 563 cuiusquam
1114 500 1362 564 scriptoris
1381 501 1664 568 imitatione3

336 589 501 639 dicere
534 588 748 653 potuerit
779 589 877 635 καὶ
908 586 1266 650 θαυμάζεται.
1335 589 1476 639 Talia
1505 593 1663 641 imita-

334 678 480 726 tionis
512 676 708 740 vestigia
738 676 848 743 quis
874 694 976 724 non
1006 677 1176 728 videre
1206 680 1386 744 possit,
1420 681 1505 730 vbi
1527 683 1666 731 nulla

336 766 483 816 sunt?
519 766 596 814 En
624 766 717 813 tibi
742 767 1022 832 exemplum
1047 768 1098 814 in
1123 786 1208 830 eo,
1245 768 1382 835 quod
1406 771 1564 820 statim
1591 782 1666 822 sed

337 858 507 923 quitur
532 855 570 919 ᾗ.
590 873 633 904 2.
665 855 733 905 Τί
742 859 849 922 χρῆ
880 859 1007 922 πρὸς
1032 856 1239 916 τούτοις
1258 859 1337 907 ἔτι
1363 858 1531 922 λέγειν
1544 881 1564 922 ,·
1601 860 1666 912 In.

334 946 436 996 hoc
451 946 604 1011 (dicat
626 947 759 1011 quis)
774 947 986 996 imitatus
1005 963 1074 997 est
1091 930 1252 998 noster
1265 949 1475 998 Paulum
1492 970 1659 1018 suum,¹

336 1037 643 1103 apostolum,
674 1036 763 1100 qui
791 1035 931 1084 Rom.
956 1042 1009 1094 8,
1045 1043 1124 1087 51.
1159 1039 1382 1088 similiter
1416 1056 1528 1106 post
1557 1043 1667 1090 Ion-

336 1127 525 1192 giorem
565 1124 947 1189 disputationem
990 1126 1114 1176 dicit
1139 1147 1150 1174 :
1202 1127 1269 1176 Τί
1299 1125 1397 1177 οὖν
1438 1131 1668 1196 ἐροῦμεν,

337 1220 467 1283 πρὸς
496 1219 712 1267 ταῦτα.ρ
748 1218 892 1268 Talia
913 1218 1038 1267 serio
1066 1217 1331 1266 defendere
1356 1237 1458 1267 non
1485 1234 1555 1268 est
1575 1219 1667 1268 hoa

335 1308 480 1355 minis
505 1309 695 1372 elegans
714 1309 954 1357 iudicium
979 1308 1268 1356 adhibentis.
1336 1308 1504 1375 Atque
1522 1310 1668 1358 etiam

337 1397 401 1446 ad
429 1415 616 1446 errores
639 1398 752 1446 talia
775 1398 1011 1447 similium
1042 1397 1290 1447 dictorum
1315 1399 1522 1463 aucupia
1552 1417 1666 1448 eum

337 1486 670 1546 abduxerunt,
703 1503 757 1535 vt
777 1492 867 1542 40,
901 1492 947 1533 4.
970 1502 1043 1546 et,
1087 1488 1172 1532 vbi
1198 1487 1391 1551 turpior
1417 1487 1665 1552 aliquanto

333 1575 497 1632 ,videri
533 1589 694 1641 potest
727 1573 969 1640 ἀκρισία,
1002 1576 1094 1636 44,
1132 1590 1207 1622 12.
1251 1575 1321 1623 At
1357 1593 1473 1624 vero
1500 1595 1667 1627 nonne

338 1679 507 1715 auctor
537 1684 613 1714 res
646 1666 799 1730 ipsas,
834 1682 960 1730 quae
987 1661 1050 1710 ad
1077 1665 1352 1726 argumenti
1382 1666 1667 1729 explicatio*

334 1773 451 1805 nem
477 1755 743 1821 pertinent,
779 1754 840 1801 ab
874 1753 980 1801 aliis
1017 1752 1213 1817 petiisse
1242 1766 1290 1799 et
1322 1769 1495 1801 eorum
1525 1756 1667 1807 etiam‘

334 1847 482 1897 verba
507 1862 723 1894 seruasse
746 1842 1016 1893 credendus
1042 1841 1147 1890 est?
1181 1842 1254 1890 Ita
1276 1857 1323 1891 et
1345 1844 1450 1892 aliis
1471 1859 1519 1893 et
1528 1845 1668 1894 Tou«

336 1938 424 2004 pio
450 1937 626 1986 visum.
670 1934 768 1982 Hic
795 1948 925 1982 certe
949 1932 1011 1981 ad
1033 1936 1100 1982 55
1112 1969 1127 1995 ‚
1158 1936 1201 1979 4.
1225 1932 1347 1996 (sub
1375 1934 1405 1981 ὁ
1424 1934 1481 1983 δὲ
1505 1936 1665 1986 ἔνθεν

335 2027 516 2086 ἑλών).·
552 2024 864 2090 „respexisse
890 2022 1086 2073 videtur
1111 2037 1300 2085 noster,
1336 2038 1387 2072 vt
1411 2026 1567 2087 solet,
1601 2025 1667 2076 ad

334 2116 633 2184 Dionysium
654 2115 847 2163 Halic.“
875 2129 964 2164 ete.
1007 2113 1117 2162 Imo
1140 2112 1340 2175 minime
1361 2127 1430 2161 est
1453 2115 1666 2181 proban-

338 2207 483 2269 dum,
528 2206 692 2270 magni
723 2220 770 2255 et
804 2205 925 2253 acris
961 2204 1142 2269 ingenii
1178 2204 1453 2267 hominem,
1493 2206 1665 2272 suique

338 2296 540 2358 iudicii,
578 2297 663 2361 qui
696 2314 759 2345 ne
789 2313 1090 2344 summorum
1120 2294 1324 2360 quidem
1351 2295 1665 2360 scriptorum,

340 2404 553 2453 quorum
573 2386 738 2435 laudat
755 2386 910 2448 dicta,
934 2387 1040 2452 ipsa
1062 2386 1208 2435 verba
1230 2385 1523 2457 sernauerst,
1552 2385 1664 2436 rhea

338 2475 461 2534 toris
484 2476 592 2524 loca
618 2477 845 2540 religiose
870 2476 933 2524 ad
954 2478 1161 2526 verbum
1183 2476 1480 2542 expressisse.
1536 2476 1663 2526 Poe-⁴

338 2580 415 2616 tae
440 2567 713 2632 priscorum
742 2582 999 2633 poetarum
1023 2569 1173 2617 verba
1199 2566 1430 2632 prudenti
1452 2566 1659 2615 consilio

341 2671 429 2703 sua
445 2654 684 2725 faciebant
693 2694 711 2720 ,
737 2659 850 2725 quia
869 2658 1103 2708 diuinitus
1123 2658 1207 2707 illa
1224 2659 1409 2724 prolata
1427 2657 1662 2722 putaban-
