1752 3118
254 245 525 289 LONGINl
571 243 650 284 DE
686 243 851 285 svssL.
887 242 1062 288 SECT.
1090 245 1257 289 XXXII.
1341 260 1419 304 109

96 365 160 415 Si
202 365 361 427 paulo
417 361 658 408 audacius
705 360 964 405 dicendum
1016 368 1113 406 est:
1165 377 1278 406 nam
1333 379 1422 410 ae..

100 453 304 502 stinuatio
347 448 658 512 metaphorae
702 446 932 495 audaciae
973 445 1209 496 medetur.
1311 449 1417 514 Ego

96 561 216 591 -vero
251 555 542 606 quamquam
578 550 625 584 et
664 535 785 585 haec
830 536 1014 601 pr0b03
1058 551 1244 597 tamen,
1280 553 1330 586 vt
1370 540 1422 588 in

99 634 211 681 loco
249 628 311 676 de
346 626 514 690 figuris
553 625 678 686 dixi,
713 640 1020 691 opportunus
1068 639 1116 675 et
1157 627 1423 675 vehemens

94 720 342 777 adfectus,
384 734 441 765 ac
493 717 735 790 generosa·
777 716 1074 777 sublimitas,
1131 716 1252 763 mihi
1301 734 1427 781 pro-

1453 455 1484 502 4

97 812 259 878 prium
291 805 624 856 multitudinis
661 821 707 855 et
751 805 981 854 audaciae
1025 807 1425 871 metaphorarum

97 898 370 949 remedium
403 895 624 957 videtur,
661 895 893 961 quoniam
928 896 1234 946 vehementia
1267 898 1425 963 impe-

95 1005 174 1038 tus
219 987 409 1052 reliqua
454 986 614 1033 omnia
659 985 881 1049 abripere
929 1001 975 1034 et
1023 988 1302 1053 propellere
1337 1005 1425 1036 soa

98 1081 224 1139 lent,
274 1071 420 1142 atque
479 1074 602 1128 adeo
655 1074 845 1138 exigere
899 1075 1128 1125 audacter
1173 1076 1329 1137 dicta,
1370 1093 1424 1127 vt

97 1155 296 1235 prorsus
378 1163 669 1219 necessaria,
748 1179 840 1210 nec
914 1164 1248 1229 auditoribus,
1327 1184 1422 1215 vna

96 1274 214 1304 cum
267 1267 458 1303 oratore
500 1251 799 1313 furentibus,
852 1253 1181 1303 multitudinis
1231 1256 1422 1304 exami-
1466 1301 1469 1303 a

95 1343 283 1394 nandae
337 1344 493 1393 otium
542 1340 828 1391 concedere.
931 1343 1184 1394 Praeterea
1237 1345 1289 1392 in
1345 1345 1418 1393 lo-

97 1436 166 1482 eis
215 1433 556 1482 communibus
600 1430 858 1479 tractandis
905 1447 952 1480 et
1008 1433 1418 1499 descriptionibus

98 1525 224 1572 nihil
279 1540 433 1588 aeque
483 1521 611 1569 clare
664 1538 769 1568 rem
830 1520 1092 1585 significat,
1135 1542 1216 1594 ac*
1253 1526 1420 1573 conti-

97 1631 222 1662 nuae
268 1626 315 1660 et
364 1609 486 1658 aliae
540 1624 652 1674 post
697 1610 813 1657 alias
858 1610 1182 1676 metaphorae.
1285 1611 1418 1662 Hinc

98 1704 238 1751 etiam
293 1699 425 1765 apud
481 1698 869 1764 Xenophontem
926 1702 1144 1765 corporis
1210 1702 1429 1756 humani.

95 1792 275 1840 fabrica
318 1787 577 1856 splendide
622 1787 924 1853 depingitur,
968 1806 1025 1837 ac
1069 1791 1227 1838 multo
1278 1792 1418 1839 etiam

95 1881 246 1945 magis
314 1878 447 1944 apud
510 1878 763 1927 Platonem
844 1877 1016 1926 diuino
1096 1897 1272 1944 genere
1327 1880 1419 1928 ‘di-

99 1969 255 2019 cendi.
360 1969 519 2034 Caput
566 1969 693 2018 enim
728 1967 940 2015 hominis
985 1987 1146 2018 arcem
1189 1969 1416 2035 adpellat‚

95 2061 318 2124 interque
369 2057 468 2106 hoc
524 2072 570 2107 et
625 2071 797 2123 pectus
851 2057 966 2106 colli
1026 2059 1261 2108 isthmum
1306 2079 1417 2109 me-

99 2148 234 2196 dium
310 2148 642 2209 interiectum,
715 2147 1089 2214 suppositasque
1171 2150 1432 2202 vertebras„

1453 1351 1481 1395 01

95 2238 232 2286 velut
266 2237 485 2286 cardines
521 2237 663 2286 dicit:
735 2238 1036 2302 voluptatem
1086 2239 1274 2287 homini
1307 2259 1418 2289 ma-
1448 2303 1453 2309 Ο

94 2327 261 2376 lorum
322 2344 477 2374 escam
532 2345 658 2388 esse,
711 2327 925 2391 linguam
985 2326 1048 2377 de
1100 2344 1243 2393 gustu
1288 2330 1419 2378 iudi«

98 2435 234 2465 care:
282 2434 366 2464 cor
424 2435 524 2466 esse
580 2418 871 2465 fasciculum
926 2434 1162 2465 venarum
1220 2433 1267 2468 et
1310 2422 1417 2469 fon-

96 2522 194 2557 tem
248 2506 468 2555 celeriter
527 2504 821 2556 circueuntis
864 2507 1134 2571 sanguinis,
1189 2510 1241 2556 iu
1297 2509 1428 2559 sede»

96 2598 278 2649 munita
328 2596 635 2646 collocatum.
741 2597 941 2655 Canales
988 2612 1149 2647 autem
1191 2616 1282 2664 per
1310 2616 1432 2648 cor-·
