1718 3122
221 278 303 317 606
563 273 805 314 VARIAE
843 275 1207 317 LECTIONES

219 386 433 439 significat.
474 386 538 426 De
550 386 639 426 hoc
659 400 732 440 ego
749 386 856 428 nihil
874 389 1041 438 notaui,
1062 403 1140 428 nec
1153 390 1356 428 aPearcio
1378 398 1420 429 et
1430 392 1548 431 Moro

218 450 411 483 notatum
433 443 588 496 reperi.
625 443 709 482 Sed
728 442 833 482 Rob.
858 445 961 483 item
985 446 1174 486 κίνδυνοι
1195 461 1267 500 σμ.
1308 446 1398 485 Vat.
1419 460 1459 487 2.
1483 451 1551 490 κίν

218 497 362 542 δύνοις
375 497 642 552 μικρότητος.
673 499 765 538 Vat.
793 499 831 537 5.
854 500 1064 546 κίνδύνοις
1080 501 1351 556 μικρότητος.

176 565 180 569 ’
303 554 419 595 εἶναί
433 552 498 607 u]
517 555 608 594 Vat.
632 555 672 594 3.
696 560 738 593 et
754 554 859 594 Rob.
883 556 999 597 εἶναι
1017 561 1070 597 τὶ.

305 611 427 652 τοῦτο
454 614 531 651 καὶ.
560 609 626 652 α’ν.
655 604 706 670 η]
745 611 836 651 Vat.
863 624 903 651 2
934 612 1109 677 τούτον,
1133 618 1210 654 καὶ
1236 613 1481 682 ἄναγκαῗου
1510 609 1552 665 ἦ.

216 664 311 707 Par.
334 663 426 709 Vat.
452 667 489 705 3.
512 672 553 705 et
575 656 679 706 Rob.
700 665 850 707 τούτου
871 671 948 708 καὶ
965 665 1267 723 ἁναγκαῖονῆ.

302 721 502 780 μηδαμῆ]
533 722 622 762 Vat.
645 735 682 762 2.
697 722 898 777 μηδαμῶ.
939 723 1060 763 Laur.
1079 725 1231 780 μμηδα
1235 725 1302 770 ὥς.

299 777 406 834 μηδὲ
431 769 649 831 ἐφίεσθαι]
678 772 768 817 Vat.
789 790 827 816 2.
847 794 909 832 μη
931 779 975 819 δὲ
990 783 1204 831 ἐφίεσθαι.
1235 783 1326 822 vat.
1340 782 1381 822 5.
1395 789 1436 822 et
1447 783 1553 824 Rob.

214 834 278 891 μή
300 835 343 874 δὲ
362 837 579 885 ἐφίεσθαι.

216 935 222 940 ,
303 891 360 934 αἱς
382 894 451 929 ἐπὶ
471 888 521 928 τό
543 886 696 928 πσλυ..
708 889 962 957 ..ffl573390ss
990 890 1081 930 Vat.
1099 903 1138 929 2.
1173 891 1229 935 ὥς
1244 895 1314 932 ἐπὶ
1330 893 1427 934 τολυ
1445 894 1549 935 αὐτο

215 949 435 1010 γίνεσθαι,
465 943 512 984 τό
533 945 716 999 μέγεθος
735 960 815 985 των
837 944 995 998 ἄκρων.
1036 947 1125 985 Vat.
1146 948 1185 986 3.
1208 963 1263 992 ως
1279 952 1352 988 ἐπι
1369 965 1417 989 το
1444 951 1552 1014 πολύ

216 1007 293 1043 καὶ
306 1000 629 1053 ἀσφαλεστέρας
641 999 856 1055 διαμένειν
869 1017 916 1042 το
910 999 971 1041 δὲ
982 1001 1148 1056 μεγαλα
1159 1004 1378 1055 ἐπισφαλῆ
1390 1004 1437 1044 δι
1448 1005 1553 1045 αὐτο

206 1064 219 1073 .
273 1062 1545 1074 ‚fflQQ———ss-——ss

213 1092 438 1143 γίνεσθαι,
468 1105 513 1130 το
539 1091 760 1145 μέγεθος.
786 1089 954 1145 Etiam*
941 1104 987 1129 m
1007 1091 1099 1131 Par.
1090 1120 1119 1141 .‚
1147 1100 1194 1133 vt
1210 1093 1407 1132 Pearcius
1426 1101 1552 1132 nota-
1594 1104 1597 1107 ⁴

212 1147 297 1195 vit,
326 1146 534 1185 habentur
562 1145 610 1186 τό
639 1145 682 1186 δὲ
702 1145 880 1200 μεγάλα.
918 1146 1110 1199 In,Laur·.
1135 1150 1266 1187 verba
1285 1153 1364 1189 καὶ
1386 1148 1550 1200 άσφαλ.

213 1209 291 1241 etc.
310 1215 440 1254 Vsque
459 1202 512 1240 ad
532 1200 638 1242 αὐτό
656 1205 856 1255 γίνεσθαι
882 1201 1032 1243 desunt
1047 1232 1074 1253 „
1086 1205 1313 1244 exclusiue.
1325 1211 1350 1230 “
1378 1204 1447 1244 Sic
1470 1218 1551 1243 no-

211 1259 275 1297 bis
295 1258 523 1310 proditum.

270 1313 311 1368 §.
332 1313 370 1353 3.
410 1312 533 1354 Ἀλλοὲ
556 1330 604 1367 μ.
619 1342 650 1352 ..
668 1313 737 1354 .τό
759 1313 891 1367 δεύτ.]
920 1315 1012 1354 Vat.
1036 1328 1075 1357 2.
1108 1315 1198 1357 οἷνοέ
1221 1319 1380 1358 εκείνου
1402 1315 1546 1367 olym&

211 1386 260 1411 το
293 1369 496 1424 δεύτερον.
536 1369 628 1408 Par.
661 1377 771 1410 teste
798 1370 842 1409 Β.
865 1369 974 1411 ἀλλοὲ
993 1371 1086 1426 μήν
1109 1372 1203 1413 οὐδὲ
1222 1375 1383 1413 ἐκείνου
1406 1371 1550 1423 ἀγνοῶ’

211 1424 261 1466 τό
283 1425 387 1466 3651:-
427 1426 496 1464 Sic
527 1431 570 1463 et
588 1426 682 1467 Vat.
706 1426 746 1465 5.
776 1426 973 1465 Pearcius
1003 1429 1140 1466 codici
1172 1428 1267 1470 Par
1287 1428 1436 1469 tribuit
1457 1426 1552 1468 οὐδ

211 1484 384 1522 ἐκείνου.
436 1481 526 1520 Vat.
552 1481 589 1520 3.
620 1496 748 1534 marg.
848 1483 962 1534 quod
989 1483 1020 1520 f.
1036 1485 1223 1536 pertinet
1246 1484 1299 1523 ad
1319 1497 1445 1535 supra
1472 1497 1553 1521 no·-

209 1544 298 1577 tata
314 1538 466 1585 verba,
496 1550 603 1589 quae
625 1551 703 1576 nec
724 1539 769 1576 in
825 1552 912 1577 aur.
933 1546 1110 1579 exstant.

295 1594 363 1635 ἀεὶ
382 1593 450 1648 μ.]
478 1593 573 1633 Par.
593 1599 700 1633 teste
716 1593 786 1644 Β.
809 1601 859 1633 vt
876 1601 918 1633 et
939 1583 1048 1634 Vatt.
1068 1596 1190 1635 ambo
1213 1602 1257 1636 et
1279 1594 1384 1636 Rob.
1405 1599 1553 1650 alem-⁴

295 1649 606 1703 οἷνεξάλειπτος]
643 1650 731 1689 Vat.
753 1663 790 1689 2.
816 1649 1159 1699 ανοξάλλειπτος

266 1707 309 1762 ς.
333 1707 371 1759 4.
401 1704 440 1744 δ’
464 1704 542 1746 οὐκ
563 1704 643 1757 ὄλ]
674 1707 764 1746 Vat.
778 1719 817 1744 2.
839 1705 889 1745 δι’
912 1705 964 1746 ὀκ
989 1707 1126 1772 ολϊγοὶ
1240 1744 1242 1747 ,

295 1760 374 1813 οὐχ
394 1777 471 1816 αμ.
489 1761 555 1815 μ.]
591 1760 682 1799 Vat.
706 1774 742 1799 2.
767 1760 1133 1817 ούχαμαρτήματι
1151 1779 1199 1817 μ.

294 1817 456 1869 αἰτίας]
483 1815 626 1856 Vat.3
630 1819 817 1860 .αἱτιάς.
850 1817 911 1855 De
931 1824 1028 1856 cett.
1052 1819 1138 1859 vid
1159 1817 1370 1857 Addenda.

292 1874 492 1928 διομαλη
522 1887 598 1920 την
622 1872 712 1924 τοῦ]
741 1873 833 1912 Vat.
855 1885 894 1912 2.
916 1864 1163 1927 διομαῖίζοι
1180 1873 1303 1922 ἑντην
1324 1871 1412 1913 τοῦ.

298 1929 365 1971 ἀεὶ
386 1943 432 1980 φ.
445 1929 461 1981 ]
491 1929 611 1975 Pan,
639 1934 744 1966 teste
764 1927 829 1976 Β.,
859 1927 949 1967 Vat.
967 1941 992 1967 2
1018 1935 1061 1967 et
1080 1928 1119 1968 3.
1154 1934 1196 1968 et
1224 1928 1328 1967 Rob.
1361 1931 1448 1969 αἰεὶ
1468 1944 1517 1980 φ.

293 1984 550 2053 μεγαλοφρ]
580 1956 672 2022 Vat.
695 1995 736 2022 2.
757 1983 1153 2037 μεγαλοφρονύσης.

293 2042 319 2083 ὁ
338 2041 527 2085 Ἀπολλ..
540 2038 770 2093 .ποιητη“ς]
806 2040 853 2078 In
872 2039 987 2089 Palu,
1015 2039 1127 2080 vtss.
1147 2040 1342 2097 monuit,
1369 2040 1449 2079 hae
1469 2040 1547 2079 lit-

206 2119 324 2152 torae
359 2115 401 2147 et
439 2113 563 2145 notae
595 2113 838 2158 vsurpatae:
884 2106 909 2147 ὁ
943 2105 1162 2150 οἷπολλιόνι
1191 2110 1280 2152 τοῖς
1311 2105 1550 2161 ἁργοναύίῗ

209 2181 404 2216 ποιητὴς.
428 2163 473 2202 Id
494 2164 582 2201 sine
601 2163 711 2201 notis
730 2162 1002 2202 Robortellus
1023 2164 1228 2215 expressit
1246 2164 1331 2202 his:
1359 2164 1384 2202 ὀ
1406 2162 1547 2203 ἀπολ-

207 2223 354 2266 λιόνιος
370 2223 459 2264 τοῖς
478 2218 767 2284 ἀργοναύταις
784 2234 977 2268 ποιητης.
1009 2219 1105 2258 Vat.
1117 2232 1156 2258 2.
1176 2226 1218 2258 et
1227 2219 1345 2258 Laur.
1361 2218 1385 2258 ό
1405 2218 1547 2259 ἀπολ-

177 2302 189 2314 0
206 2278 357 2322 λώνιος
385 2282 474 2319 τοῖς
496 2274 784 2329 ἁργοναύταις
805 2279 1018 2325 ποιηταῖς.
1059 2276 1151 2316 Vat.
1176 2276 1214 2315 3.
1234 2275 1261 2316 ὁ
1279 2273 1545 2320 α’πολλώνιος

207 2335 280 2386 τῆς
305 2330 595 2399 άργοναύταις
618 2347 813 2381 ποιητης.

195 2385 201 2392 ’
295 2390 380 2439 κάν
401 2405 435 2429 τ.
460 2387 518 2442 β.]
549 2387 643 2427 Vat.
667 2394 847 2440 vterque
868 2385 1008 2429 κᾶντ.
1030 2391 1075 2442 β.

296 2445 535 2498 Θεόκριτος]
569 2444 662 2482 Vat.
684 2457 723 2483 2.
749 2447 991 2497 θένκριτος.

267 2504 307 2569 §5
330 2504 367 2542 5.
381 2498 658 2566 ·ᾈρχιλόχου]
685 2498 780 2539 Par.
803 2500 894 2539 Vat.
912 2500 951 2538 3.
972 2507 1015 2540 et
1033 2500 1137 2540 Rob.
1162 2498 1409 2554 ἄρχίλοχον.
1450 2499 1542 2540 Vat.

208 2574 247 2603 2.
272 2555 516 2611 ἀρχὶλόχον

293 2613 503 2665 ἄνοικον]
534 2613 627 2652 Vat.
654 2611 693 2651 3.
723 2611 1043 2668 οἱνηκονόμητα.

296 2682 541 2722 παρασυρ..
580 2670 649 2734 τῇ
670 2670 857 2727 ἑμβολη]
886 2669 981 2708 Par
993 2668 1198 2719 wtesteB
1210 2697 1222 2718 ,
1262 2667 1543 2722 παρασύρον-

210 2746 306 2774 τας·
338 2725 535 2776 κάκείνης
553 2726 625 2775 τῆς
630 2715 818 2780 ἐκβολῆς
833 2728 936 2779 (non
959 2725 1165 2781 κάκείνη).
1189 2726 1241 2765 cf.
1256 2726 1359 2764 Add.
1381 2725 1435 2763 ad
1452 2724 1540 2763 11.1.

1716 155 1718 167 1

1714 275 1718 318 1

1714 320 1718 356 ε,

1715 404 1718 416 1
