1752 3118
431 297 530 345 DE
574 294 822 345 LIBRO
862 299 928 345 Π.
973 300 1025 346 Υ.
1269 294 1395 354 cx1i1

73 419 381 485 explicandis·
450 420 570 467 Cum
611 420 669 468 ad
704 420 946 468 hominem
981 419 1178 470 doctum
1213 437 1260 471 et
1290 443 1394 474 ora-

73 503 224 536 torem
250 489 340 534 iam
361 488 662 534 axvi-citatum
690 488 891 546 scribat,
928 489 1220 551 omninoque
1246 492 1395 539 lecto-

72 573 146 603 res
176 568 317 619 ponat
347 552 605 600 rhetorices
629 572 824 614 gnaros,
866 570 989 602 recte
1027 556 1201 602 omittit
1227 557 1396 607 defini-

71 623 229 670 tiones
264 638 447 680 rerum,
496 639 611 684 quas
644 622 754 668 facit
792 621 1094 669 sublimitatis
1125 640 1309 686 partes,
1344 641 1394 675 vt

70 688 296 764 πάθρυς,
333 687 626 752 σχημάτων,
663 687 879 751 τρόπων,
908 704 955 737 et
977 689 1184 737 ostendit
1208 704 1393 740 tantum

68 757 128 802 111
131 769 303 816 culter,
341 770 388 801 et
419 771 528 801 sane
558 754 683 801 iusto
704 757 895 802 breuius
916 756 1179 817 interdum,
1215 776 1303 805 cur
1321 759 1389 822 id,

69 822 129 869 de
154 840 251 886 quo
276 821 398 884 agit,
447 822 611 867 elatam
645 822 731 868 fac’
708 836 782 870 lat
806 822 1097 881 orationem,
1133 838 1213 870 aut
1234 826 1390 874 statim

69 889 280 954 exempla
311 887 450 952 ponit
485 887 680 934 effidem
716 891 764 936 in
809 908 936 950 rem,
991 907 1253 955 eorumque
1291 893 1389 941 vim

70 955 373 1003 demonstrat.
445 955 543 1001 Sed
580 956 733 1003 tamen
766 970 812 1003 et
842 957 995 1004 minus
1029 971 1138 1004 nota
1170 972 1248 1006 aut
1272 976 1387 1024 per-

66 1040 227 1088 peram
250 1024 308 1070 ab
327 1022 431 1070 aliis
458 1023 685 1086 explicata
706 1024 930 1082 illustrat,
966 1025 1039 1072 vel
1063 1025 1186 1071 clara
1208 1024 1388 1074 descri-

67 1090 258 1154 ptione,
305 1105 353 1138 vt
389 1087 515 1135 illud
555 1094 617 1137 de
654 1110 820 1139 rerum
857 1095 1102 1140 adiunctis
1141 1095 1194 1139 in
1236 1111 1387 1158 vnum

66 1161 328 1217 cogendis,
373 1169 483 1204 sect.
515 1174 597 1215 103
646 1158 721 1205 vel
753 1159 872 1204 iusta
895 1158 1195 1217 definitione,
1233 1175 1280 1208 vt
1301 1180 1386 1208 ex-

65 1227 452 1285 aggerationem,
487 1237 598 1270 sect.
628 1241 702 1284 12,
740 1238 785 1270 et
807 1227 1141 1287 hyperbaton,
1165 1240 1276 1273 sect.
1306 1243 1383 1275 22.

66 1290 242 1338 Passim
297 1292 435 1338 etiam
482 1290 859 1354 comparationes
919 1291 1114 1338 adhibet
1170 1291 1230 1338 ad
1280 1311 1385 1341 rem

66 1357 388 1421 explicandam
422 1370 548 1422 aptas
587 1371 632 1404 et
681 1358 808 1405 lectu
838 1357 1098 1417 iucundas,
1146 1372 1195 1408 vt
1233 1374 1307 1421 17,
1336 1364 1382 1408 5.

67 1441 154 1485 21,
194 1441 235 1471 2.
281 1429 371 1483 28,
413 1443 451 1471 1.
488 1427 584 1489 45,
616 1427 657 1470 5.
727 1424 825 1472 Sed
850 1425 989 1472 liceat
1007 1425 1088 1472 hic
1108 1426 1156 1473 in
1181 1426 1381 1475 transitu.

63 1505 253 1553 tangere
278 1507 522 1556 peccatum
545 1491 749 1539 {tinctoris
772 1510 798 1538 a
816 1491 1005 1539 nemine
1026 1506 1253 1540 notatum.
1322 1492 1383 1542 In

66 1557 341 1605 definitione
369 1559 515 1621 ipsius
544 1558 848 1605 sublimitatis
872 1559 1271 1623 comparationem
1301 1559 1382 1607 ad-

64 1624 223 1675 hibuit
252 1625 443 1672 rhetore
482 1624 629 1671 docto
662 1638 708 1671 et
745 1626 998 1688 eloquente
1029 1643 1126 1672 non
1162 1626 1272 1672 'satis
1311 1626 1382 1674 di-

65 1708 217 1753 gnam.
285 1692 407 1739 Nam
429 1691 524 1738 hoc
547 1691 595 1738 in
622 1708 810 1753 genere,
846 1707 893 1739 vt
919 1691 1200 1747 Quintiliani
1226 1694 1380 1741 verbis
1415 1743 1418 1746 ,

62 1757 223 1819 (Vlll,
247 1762 292 1819 5,
319 1761 408 1819 73)
436 1773 564 1819 vtar,
600 1768 672 1804 est
699 1761 967 1822 praecipue
995 1762 1380 1824 custodiendam,

59 1844 121 1872 ne
143 1829 198 1873 id
207 1863 221 1883 ,
259 1831 393 1889 quod
409 1829 740 1874 similitudinis
761 1829 933 1888 gratia
955 1829 1267 1887 adscim'mus,
1292 1837 1384 1875 aut

60 1894 317 1940 obscurum
352 1900 414 1940 stt
443 1903 532 1940 (cut
563 1898 799 1955 ignotum.
867 1895 1030 1942 Debet
1058 1895 1211 1950 enim,
1247 1897 1385 1956 quod

59 1964 387 2008 illustrandae
407 1964 610 2007 alterius
629 1965 702 2008 rei
718 1964 890 2023 gratia
910 1964 1191 2020 assumitur,
1216 1963 1385 2022 ipsam

62 2045 167 2074 esse
190 2031 372 2074 clarius
401 2045 488 2082 eo,
524 2033 659 2090 qaod
682 2032 941 2076 illuminat.
970 2042 1054 2074 etc.
1121 2026 1219 2072 Iam
1246 2025 1381 2076 haud

65 2093 210 2140 dubie
237 2096 394 2141 notius
425 2109 471 2141 et
501 2095 643 2154 vulgo
673 2096 967 2159 probabilius
998 2109 1092 2150 est,
1128 2093 1379 2141 sententias

63 2161 188 2209 leves
201 2162 455 2208 verborum
480 2162 690 2225 pondere
711 2181 763 2226 g·
770 2161 988 2208 unitatem
1006 2160 1207 2208 induere
1225 2177 1378 2224 posse,

65 2246 207 2291 quam
242 2228 456 2287 diuini:,1s
503 2229 743 2288 honores,
786 2229 1013 2287 gloriam,
1059 2227 1254 2291 imperia
1282 2245 1382 2275 non

65 2312 166 2342 esse
196 2295 243 2341 iu
261 2297 438 2355 magnis
464 2297 603 2343 bonis
630 2295 944 2356 numeranda,
984 2313 1090 2342 cum
1114 2294 1252 2340 etiam
1277 2293 1382 2359 phi-

62 2362 256 2426 losophi
292 2365 453 2409 talium
491 2381 646 2410 rernm
688 2378 979 2410 contemtum
1022 2363 1176 2409 xer-bis
1215 2380 1276 2406 m
1265 2378 1380 2421 1,,15,

64 2446 205 2492 qnam
230 2430 489 2476 actionibus
509 2445 552 2477 et
577 2432 667 2477 vita
691 2431 787 2493 ipsa
811 2449 920 2508 piae
948 2448 996 2478 se
1023 2431 1180 2476 ferant.
1205 2416 1382 2474 Melius

62 2495 144 2542 illc
174 2514 250 2542 cer
256 2513 298 2542 te
322 2498 719 2561 conipmationem
746 2498 953 2562 petiisset
978 2515 1001 2544 a
1026 2498 1142 2544 facie.
1169 2494 1380 2543 mulieris

63 2580 251 2611 cerussa
283 2578 362 2609 aut
392 2565 536 2611 minio
570 2566 798 2617 infucata,
857 2579 960 2623 aut,
1019 2578 1067 2611 vt
1111 2562 1380 2609 Demetrius

62 2629 372 2692 Phalereus§.
395 2650 408 2677 ι
427 2650 437 2677 1
453 2650 497 2691 o,
519 2631 575 2677 ab
595 2646 896 2690 ostentatoie,
921 2632 1003 2696 qui
1027 2629 1233 2694 gloriose
1255 2645 1384 2674 men-

0 2715 1 2765 }
63 2696 186 2746 tiens
212 2716 382 2763 magna
407 2699 496 2747 sihi
530 2715 802 2749 ornamenta
837 2670 1015 2749 tribuit.
1087 2696 1226 2744 Talia
1253 2694 1380 2743 euim

928 2766 965 2814 h
