1718 3122
262 240 343 281 542
514 211 517 213 ’
589 234 817 278 NOTAE
853 235 939 276 An
969 235 1252 279 LONGINI

261 354 425 391 tentiae.
482 348 578 398 Non
593 355 731 389 autem
751 351 802 388 de
823 350 889 389 his
907 350 1030 389 vllo
1018 364 1062 388 ιιι
1090 350 1204 393 loco
1215 350 1337 391 huius
1366 352 1588 404 fragmenti

260 406 421 458 agitur,
448 405 520 445 sed
546 405 598 443 de
621 406 719 447 solis
744 406 898 445 verbis.
935 406 1088 444 Addita
1115 419 1211 457 ergo
1235 413 1328 458 post
1357 410 1588 462 λεγομένων

259 462 363 502 haec
382 462 472 500 fere
494 461 669 500 fuerint.
697 464 943 516 προθέσεων
967 466 1042 502 καὶ
1071 460 1248 515 ἄρθρων
1260 466 1347 503 καὶ
1364 463 1498 506 ἄλλων
1517 463 1590 513 τῆς

259 519 400 566 λέξεως
420 519 596 573 μορίων.
1224 540 1226 543 >
1412 558 1416 562 ,

286 612 289 614 -
344 588 422 625 καὶ
440 583 490 642 τῆ
511 585 825 642 πεπατημένη]
823 584 1045 624 Particula
1062 587 1137 625 καὶ
1156 584 1234 623 hic
1242 585 1382 624 Iocum
1404 586 1478 625 vix
1495 593 1593 625 tue-

259 642 300 682 ri
318 647 466 694 potest.
523 639 607 678 Sed
624 630 776 696 deinde
792 655 840 679 ea
861 640 1000 679 deleta
1017 654 1096 726 pro
1129 636 1344 699 περιάπτη
1368 642 1591 693 legendum

257 695 496 773 περιάπτει.

339 762 494 804 τούτου
516 762 628 814 mol]
657 761 726 799 Sic
750 763 847 801 Ald.
856 769 1001 802 textus
1018 762 1168 813 habet3
1194 763 1282 801 non
1305 780 1339 804 τ.
1363 766 1474 814 πέρι.
1503 761 1591 800 Ho'c

258 820 387 872 igitur
405 818 590 863 seruam,
635 817 831 867 quoniam
862 830 915 855 ex
947 817 1128 870 Etymol.
1155 793 1208 856 M.
1240 819 1314 857 sub
1344 818 1436 859 α’πό
1464 817 1592 855 disci-

258 887 372 922 mus,
404 846 677 924 quibusdam·
666 884 709 907 m
725 885 869 938 praep.
899 877 995 924 περὶ
1027 886 1111 911 ιιοιι
1140 872 1345 924 placuisse
1374 873 1590 925 ἀναστρο-

259 945 348 982 φηγ
367 929 456 966 siue
475 925 708 993 μετάθεσιν
735 926 872 968 τόνου.
929 928 1030 967 Mox
1046 928 1286 981 legendum
1301 929 1486 986 suspiem
1517 930 1592 968 καὶ

258 986 413 1026 ἄλλοθι
437 997 514 1035 pro
536 986 613 1022 καὶ
639 981 741 1022 ἄλλο
761 999 815 1023 τι.

296 1072 300 1073 ⁷
342 1052 370 1100 ἠ
393 1054 470 1090 καὶ
492 1067 527 1090 τ.
594 1047 797 1102 .δεκάτη]
824 1048 873 1087 In
906 1049 999 1088 Ald.
1027 1046 1162 1089 haec
1172 1051 1303 1090 verba
1329 1051 1389 1089 sic
1417 1051 1590 1090 habent:

255 1107 286 1158 ἢ
307 1111 411 1147 καὶ.
449 1102 635 1158 ,ὕστερα
656 1122 689 1145 τ.
713 1104 747 1145 δ.
777 1107 825 1144 ln
835 1105 914 1144 hac
937 1095 1147 1163 scriptura
1158 1103 1272 1145 leues
1295 1110 1460 1160 errores
1480 1108 1592 1146 mul-

254 1170 347 1203 tum
367 1162 628 1202 obscuritatis
652 1161 841 1200 afferunt.
898 1157 989 1199 Sed
1011 1175 1096 1200 vno
1125 1156 1302 1201 accentu¹
1332 1169 1374 1201 et
1397 1176 1480 1202 vno
1503 1160 1591 1214 spi-

254 1221 342 1260 ritu
358 1224 516 1258 mutato
547 1217 788 1269 exemplum
822 1216 1097 1256 metatheseos
1126 1217 1174 1256 fit
1195 1218 1326 1257 valde
1359 1218 1589 1270 probabile.

254 1275 417 1327 Scripsi
445 1288 542 1325 ergo
563 1274 589 1322 ἡ
613 1286 692 1324 pro
712 1271 742 1322 ἢ
760 1278 802 1310 et
827 1272 982 1326 ὑστέρα
1013 1270 1590 1327 Ρτοι·υστερα.’1ειιειι(1ιιιιι

255 1338 418 1379 autem,
449 1329 559 1382 quod
582 1328 634 1366 de
666 1328 810 1367 diebus
838 1328 1043 1367 mensium
1071 1330 1308 1372 Atticorum
1341 1329 1477 1381 minus
1507 1342 1589 1366 no..

256 1393 346 1426 tum
369 1393 448 1435 est,
487 1386 685 1424 decimum
711 1385 816 1422 diem
848 1384 934 1422 dici
965 1388 1180 1437 προτέραν
1213 1383 1413 1438 δεκάτην,
1443 1387 1590 1424 vicesi-

254 1458 363 1484 mum
378 1445 583 1496 primum
573 1445 709 1478 autem
727 1440 907 1491 ὑστέραν
927 1439 1117 1490 δεκάτην.
1166 1432 1370 1492 Diogenes
1389 1439 1434 1478 L.
1456 1440 1501 1478 in
1521 1440 1591 1478 vi·-

253 1505 299 1537 ta
321 1498 498 1536 Zenonis
521 1496 600 1548 (ed.
633 1495 759 1535 Lond.
793 1494 932 1548 1664.)
963 1511 1003 1548 p.
1031 1496 1122 1545 166.
1147 1495 1195 1535 Ε.
1236 1498 1342 1537 Μαι
1378 1495 1592 1548 ακτηριῶ·

253 1570 328 1597 νος
347 1552 498 1603 δεκάτη
520 1554 689 1604 ὑστέρα.
718 1550 801 1589 Et
789 1565 832 1589 m
852 1551 939 1591 vita
959 1551 1132 1604 Epicuri
1155 1566 1196 1604 p.
1215 1565 1308 1603 271.
1330 1513 1374 1590 ὅ
1403 1552 1455 1610 τῇ
1478 1566 1590 1604 προ-

254 1613 358 1663 τέρᾳ
381 1609 533 1665 δεκάτῃ
557 1608 631 1648 τοῦ
660 1607 954 1674 Γαμηλιῶνος.
1014 1608 1133 1646 Verti
1164 1622 1260 1660 ergo
1297 1607 1372 1646 illa
1395 1615 1589 1661 possunt:

256 1668 464 1706 Fortassis
481 1668 604 1703 ettam
618 1666 776 1716 primus
794 1672 833 1702 et
851 1667 1064 1703 vicesimas
1080 1664 1167 1703 dies
1186 1667 1346 1703 mensis.

339 1726 414 1761 καὶ
433 1719 591 1784 τρόπος
608 1721 670 1762 τίς
680 1719 775 1770 etc.]
805 1719 1131 1759 Constructionis
1151 1720 1254 1757 ordo
1277 1726 1360 1757 est.
1389 1719 1588 1785 ὑπόμνη-

251 1785 352 1834 pa.
339 1777 523 1826 ποιῆσαι
541 1774 614 1824 τῆς
631 1791 664 1815 τ.
732 1773 1070 1829 .βραχυτάτοις,
1101 1776 1161 1819 τίς
1183 1777 1260 1815 καὶ
1281 1790 1343 1830 τρ.
1367 1791 1488 1819 ουτος
1510 1780 1587 1815 καὶ

251 1850 420 1882 κανων,
453 1835 541 1875 τοῖς
560 1845 718 1884 συγγεν.
735 1837 813 1869 etc.

339 1902 428 1943 τοῖς
450 1899 679 1952 συγγενέσι]
711 1903 759 1937 vt
777 1898 912 1936 nost1i
944 1898 1109 1947 dicunt,
1136 1899 1214 1938 den
1239 1874 1588 1939 Κιιηεινεηναηιῖ-

253 1967 336 1999 ten.
409 1955 655 2006 Explicatul
695 1954 836 1992 verbis
870 1955 1152 2018 sequentibus.
1227 1955 1335 1994 Nam
1366 1959 1587 2008 συγγένεια

251 2027 349 2054 cum
367 2011 502 2061 altero
524 2009 727 2048 tribuitur
747 2009 819 2058 iis,
849 2011 922 2063 qui
943 2011 1139 2061 eandem,
1168 2025 1292 2064 quam
1324 2010 1421 2060 ille,
1450 2017 1586 2050 artem

251 2073 450 2111 tractant.
477 2064 770 2118 Vid.·D0rvill.
802 2065 853 2104 acl
885 2065 1111 2117 chariull,
1134 2068 1171 2114 5.

336 2120 541 2165 πολλάκις
562 2125 638 2160 καὶ
669 2122 865 2175 συνεχῶς]
905 2122 1015 2160 Haec
1041 2122 1154 2161 inter
1183 2137 1226 2163 se
1251 2129 1447 2176 pugnant.
1499 2122 1584 2174 Ego

251 2182 299 2222 in
314 2179 509 2219 versione
527 2178 585 2216 ita
606 2177 840 2226 conciliaus,
859 2185 905 2217 vt
926 2177 1104 2230 συνεχῶς
1123 2179 1295 2230 ἀκούειν
1316 2192 1402 2221 esse
1424 2178 1584 2230 signifi-

254 2249 398 2276 carem
419 2235 548 2273 orbem
567 2237 693 2272 totius
713 2233 951 2288 disciplinae
979 2236 1116 2274 ordine
1136 2239 1404 2290 explicantem
1430 2235 1583 2276 audire.

250 2291 336 2331 Sed
352 2303 487 2343 neque
506 2289 588 2328 hoc
606 2289 710 2327 mihi
729 2302 912 2339 prorsus
920 2291 1081 2342 placet,
1107 2293 1203 2343 quia
1223 2292 1303 2333 hoc
1321 2292 1456 2344 potius
1477 2299 1586 2332 esset

253 2347 434 2398 συνεχῶς
451 2344 750 2399 διαλεγομένου
772 2344 952 2387 ἀκούειν.
1014 2346 1250 2399 Legendum
1278 2349 1404 2401 igitur
1433 2360 1582 2387 censeo

255 2418 304 2445 π
326 2406 403 2443 καὶ
420 2402 604 2451 συνετῶς,
623 2416 741 2455 saepe
764 2410 803 2440 et
822 2417 914 2443 cum
933 2404 1157 2452 docilitate,
1178 2405 1266 2444 siue
1285 2413 1330 2444 vt
1347 2405 1492 2443 audica
1512 2408 1582 2443 in-

253 2462 489 2512 telligerent.
1456 2475 1459 2477 >

339 2523 433 2570 οὐδ’
450 2523 505 2566 α“ν
529 2523 605 2580 οέμ.
623 2543 658 2567 τ.
687 2524 872 2578 ἔχουσιν]
913 2526 1123 2566 particula
1149 2526 1204 2568 ἄν
1236 2527 1334 2568 sort.
1369 2541 1422 2566 ex
1446 2534 1583 2566 antec.

252 2581 503 2633 ἀνασκήτως
529 2588 690 2622 temere
710 2583 890 2634 repetita
909 2589 994 2622 est..
1040 2584 1130 2623 Pro
1159 2583 1329 2636 ἔχουσιν
1356 2583 1580 2635 legendum

252 2639 420 2682 videtur
444 2637 648 2687 ἀξιοῦσιν.
671 2673 674 2677 .
699 2639 792 2678 floc
818 2645 934 2679 certe
953 2647 1061 2694 puto
1072 2640 1344 2694 aptissimum.
1400 2639 1464 2680 Ex
1481 2636 1579 2679 nota
