1752 3118
296 251 379 292 544
566 248 820 293 'NOTAE
853 250 932 293 AD
963 248 1047 291 DE
1076 247 1324 289 SVBLIM.

742 364 821 405 Ιὶὃ
850 364 882 405 Ε
911 364 946 403 C·
972 364 1020 402 T.
1079 363 1168 402 XX.

362 422 489 487 ·51.’
534 426 638 474 ὅταν
667 431 739 473 δύο
767 430 796 481 ἢ
818 435 938 486 τρία,
975 431 1067 472 οἷον
1095 429 1209 470 και-οἶ
1236 428 1479 491 συμμορίας
1509 431 1616 474 cira..

299 486 562 547 κιρνάμενα,
599 487 792 537 ἀλλήλοις
811 490 980 543 ἐρανίζῃ
1005 486 1078 537 τήν
1105 485 1252 541 ἰσχύν]
1293 487 1557 527 Robortellus
1581 496 1621 528 et

298 545 508 585 Manutius
531 558 625 582 cum
647 545 860 582 nonnullis
891 543 1002 582 MSS.
1026 541 1139 583 κατοέ
1165 543 1422 598 συμμορίαν.
1479 544 1623 585 Recte.

297 597 497 651 Iosephus
522 600 659 651 Antiq.
681 599 768 638 lud.
793 600 839 638 V.
865 612 900 651 7.
933 604 1008 639 καὶ
1032 598 1288 645 δειπνοῦντες
1311 598 1425 639 κατοί
1449 615 1620 656 συμμο-

292 659 414 710 ρίαν.
452 654 611 693 Deinde
626 654 867 710 legendum,
897 653 1090 706 ἀλλήλοις
1108 658 1380 706 συνερανίζη,
1412 657 1621 706 quomodo

298 711 462 751 locutus
496 716 557 748 est
582 711 756 763 Appian.
790 710 842 748 de
871 709 974 748 Bell.
1011 710 1150 748 Ciuill.
1177 711 1250 748 lib.
1274 724 1312 750 2.
1338 701 1382 762 ⁴p.
1407 711 1500 761 716.
1529 714 1623 751 Kal

303 767 495 815 ΤΡΕΙΣ
519 765 602 805 οἵδε
623 764 670 805 τό
691 768 892 818 μέγιστον
914 769 983 803 ἐπὶ
1010 764 1119 804 πᾶσι
1143 766 1298 816 κράτος
1319 765 1482 818 ἔχοντες
1503 766 1628 806 ΤΑΣ

297 822 539 863 ’ΧΡΕῙΑΣ
555 820 891 861 ΑΛΛΗΛΟῙΣ
906 820 1363 862 ΣΥΝΗΡΑΝῙΖΟΝ.
1394 822 1508 869 Quae
1532 823 1625 873 pla-

301 889 354 916 ne
375 876 551 927 gemella
573 881 682 912 sunt.
723 872 757 910 Τ
761 888 918 923 ovrws.
977 875 1240 921 Robortellus
1263 876 1387 915 habet
1405 877 1631 928 pluralem,v

303 947 387 986 συμ
428 933 561 982 ορίας.
600 928 708 967 -Sed
739 935 879 966 tamen
912 932 1158 983 συμμορίαν
1188 932 1394 982 praetuli,
1445 946 1540 970 cum
1574 932 1626 970 de

304 987 387 1025 dua
417 1000 463 1024 us
483 985 671 1023 tribusue
689 983 830 1036 figuris
850 984 1012 1021 dicatur
1028 1013 1038 1032 ‚
1076 998 1178 1036 quae
1199 986 1355 1024 rectius
1379 1001 1628 1038 comparan-

302 1049 372 1081 tur
413 1054 509 1079 eum
543 1040 722 1078 totidem
761 1039 918 1077 ciuibus
938 1039 1096 1078 eadem
1124 1045 1345 1095 συμμορίᾳ
1372 1043 1603 1081 coniunctis
1616 1057 1630 1092 ,¹

303 1110 427 1149 quam
447 1096 482 1134 si
501 1093 587 1137 α’νοὶ
606 1093 679 1134 δύο
699 1093 728 1143 ἢ
748 1098 861 1147 τρία,
892 1096 1006 1137 binas
1028 1104 1101 1134 aut
1120 1104 1254 1135 ternas
1274 1096 1423 1149 figuras
1448 1111 1525 1149 per
1540 1098 1627 1136 sin-

303 1152 418 1204 gulas
438 1154 682 1210 συμμορίας
698 1151 950 1190 coniunctas.
979 1151 1061 1189 Sed
1075 1151 1184 1190 nihil
1202 1159 1348 1194 causae
1366 1154 1508 1204 putaui
1527 1166 1629 1203 esse,

303 1221 382 1248 cur
402 1208 536 1260 συνερᾷ
559 1219 652 1245 cum
664 1206 699 1244 T
702 1206 826 1258 oupio
847 1206 1089 1254 scribererm
1141 1207 1282 1254 Morus
1303 1221 1467 1246 sensum
1492 1210 1630 1248 minus

302 1270 500 1302 accurate
520 1262 733 1314 expressit.
767 1259 918 1300 'Verba
936 1262 1016 1300 hoc
1039 1263 1209 1311 volunt,
1241 1276 1324 1301 non
1342 1264 1522 1302 orationi
1543 1270 1628 1302 sta-

304 1318 383 1357 tim
401 1319 502 1370 ipsi,
526 1317 599 1356 sed
618 1318 694 1357 sibi
711 1321 886 1364 inuicem
904 1316 1054 1368 figuras
1074 1318 1387 1357 subministrare
1407 1320 1537 1364 robur
1550 1325 1632 1358 etei

304 1373 377 1413 His
405 1374 598 1424 deinceps
627 1379 757 1411 totam
790 1373 1019 1415 orationem
1045 1372 1138 1412 fieri
1159 1375 1393 1425 grauiorem
1418 1381 1459 1412 et
1489 1375 1630 1425 splen-

303 1429 513 1469 didiorem
535 1442 611 1480 per
634 1443 677 1467 se
704 1436 830 1480 patet.
888 1428 970 1474 Qui
993 1430 1103 1481 apud
1133 1429 1400 1467 Athenienses
1414 1429 1467 1467 ‘in
1485 1430 1630 1468 eadem

306 1492 429 1523 erant
447 1487 668 1539 συμμορίᾳ
678 1516 691 1533 ,
721 1498 805 1523 non
824 1484 958 1522 solum
979 1484 1174 1536 pecunias
1199 1485 1242 1521 in
1265 1491 1421 1522 sumtus
1439 1485 1630 1536 publicos

305 1540 598 1589 conferebant,
627 1541 700 1579 sed
719 1541 842 1578 etiam
861 1553 903 1577 se
925 1540 1107 1587 inuicem
1130 1541 1400 1585 subleuabant
1417 1539 1631 1591 stipendiis

306 1602 349 1634 et
372 1595 593 1634 beneficiis.
619 1597 709 1635 Vid.
723 1595 891 1634 casaub.
915 1595 966 1633 ad
982 1595 1262 1646 Theophrasti
1284 1595 1490 1634 Charactt.
1516 1609 1550 1635 c.
1568 1594 1630 1633 15.

296 1650 593 1703 -Beprehendit
623 1652 764 1690 Morus
787 1651 827 1689 h.
850 1652 878 1688 l.
907 1652 1143 1699 auctorem,
1173 1651 1283 1702 quod
1313 1652 1505 1704 affectate
1532 1663 1630 1689 Vsus

306 1705 361 1744 sit
382 1707 691 1758 comparatione
714 1707 764 1745 ab
787 1705 921 1761 ἐράνῳ
949 1706 1083 1744 ducta.
1143 1706 1224 1743 Sed
1248 1706 1441 1743 similiter
1466 1706 1630 1760 Dio-‚ny-

308 1761 393 1800 sius
413 1761 551 1810 Halic„
566 1777 610 1802 π.
632 1764 752 1804 συνθ.
772 1760 993 1816 ὀνομάτων
1014 1775 1052 1812 p.
1079 1764 1124 1800 8:
1156 1764 1248 1801 Καὶ
1267 1760 1329 1801 ἔτι
1349 1760 1423 1810 τήν
1447 1761 1630 1801 Πλατω-

306 1815 432 1866 νικήν
454 1820 615 1868 ἐκείνην
633 1818 855 1872 περίοδον,
884 1814 936 1865 ’ἢν
964 1821 1005 1857 ἐν
1025 1815 1081 1866 τῷ
1107 1820 1320 1867 ἐπιταφίῳ
1342 1817 1365 1857 o‘
1388 1816 1498 1869 οένήρ
1518 1819 1631 1869 7905-

309 1887 403 1924 φει,
434 1876 498 1916 τίς
525 1872 600 1913 οὐκ
621 1873 675 1915 ἄν
699 1877 810 1925 φαίη
831 1871 1211 1927 παραπληρώμαυι
1232 1874 1370 1920 λέξεως
1395 1871 1471 1912 οὐκ
1494 1872 1631 1926 ἀναγ-

307 1933 420 1978 καίῳ
449 1929 842 1981 προςηρανίσθαιᾌ.
887 1930 981 1966 “Ac
1012 1941 1063 1965 ne
1092 1929 1189 1966 satis
1211 1928 1376 1980 quidem
1399 1930 1534 1978 erat‚²’
1564 1929 1632 1966 inv·

298 1984 400 2037 quit
421 2014 431 2032 ‚
481 1989 504 2013 ‘-‘
527 1985 677 2036 figuras
706 1986 805 2024 dare
835 1984 886 2022 ad
920 1996 1114 2032 eranum,
1155 1984 1236 2022 nisi
1262 1983 1383 2022 fieret
1413 1984 1535 2022 etiam
1557 1981 1634 2035 pbr

310 2040 472 2079 classes,
529 2040 678 2079 Nonne
701 2041 782 2079 hoc
806 2046 889 2088 est,
918 2039 1040 2077 nimis
1070 2039 1250 2077 ornare?
1307 2039 1441 2078 Multo
1466 2039 1635 2077 mollius

306 2095 556 2147 metaphora
591 2110 687 2136 vsus
717 2103 778 2135 est
807 2099 881 2144 40,
917 2095 984 2133 1.’⁷
1041 2094 1123 2132 Sed
1153 2094 1337 2133 eiusdem
1370 2097 1532 2146 generis
1563 2108 1634 2132 or*-

308 2158 504 2191 namenta
523 2159 638 2190 recte
654 2159 865 2205 ponuntur
886 2150 1030 2189 eadem
1051 2150 1094 2187 in
1116 2151 1256 2189 classe.
1284 2151 1423 2202 Itaque
1442 2156 1634 2190 excusate
1703 2178 1711 2183 .

298 2207 525 2258 peccauit,
558 2208 718 2259 siquid
740 2207 951 2260 peccauit,
976 2205 1183 2256 Longinus
1197 2235 1207 2254 ‚
1234 2206 1345 2257 quod
1367 2206 1635 2258 metaphorae

308 2262 473 2314 putauit
502 2261 733 2302 addendam
763 2263 1005 2315 imaginem:
1047 2261 1099 2299 de
1129 2276 1210 2313 qua
1232 2275 1278 2299 re
1310 2262 1399 2301 dixi
1421 2262 1474 2300 ad
1498 2276 1545 2314 9,
1574 2261 1640 2302 13.·

309 2315 406 2356 Non
437 2317 724 2358 subticendum
754 2326 877 2371 puto,
924 2316 1037 2367 quod
1069 2317 1173 2355 mihi
1203 2326 1420 2369 praeterea
1443 2318 1562 2356 venit
1591 2317 1638 2354 in

310 2378 506 2411 mentem.
534 2375 684 2413 Annon
703 2375 833 2413 verba
850 2369 952 2413 ὅταν
973 2371 1045 2412 δύο
1060 2403 1068 2411 .
1082 2403 1090 2412 .
1105 2404 1114 2412 .
1126 2372 1278 2416 κάλλος
1296 2373 1379 2412 alio
1393 2386 1414 2410 e
1430 2374 1638 2425 scriptore

311 2427 442 2479 petita
465 2434 611 2467 auctor
634 2443 710 2481 pro
731 2429 924 2480 exemplo
944 2428 1112 2478 posuit?
1151 2428 1324 2481 Figurae
1344 2429 1513 2480 quidem
1532 2429 1636 2467 duae

312 2482 479 2532 insunt,
511 2486 606 2523 icon
629 2498 798 2536 nempe,
830 2485 873 2522 in
896 2483 988 2524 οἷον
1005 2515 1013 2523 .
1028 2514 1036 2522 .
1052 2483 1415 2540 .οένακιρνάμενα,
1447 2491 1489 2523 et
1509 2498 1636 2537 asyn-

314 2538 437 2577 deton
469 2539 514 2577 in
542 2541 751 2579 extremis.
810 2541 932 2578 Certe
963 2540 1044 2578 hoc
1077 2548 1213 2579 sumto
1246 2540 1381 2581 ὁποῖα
1411 2544 1487 2580 καὶ
1517 2545 1634 2578 recte

313 2594 556 2643 subiicitur,
595 2610 686 2634 cum
712 2596 921 2649 particula
952 2600 1028 2635 καὶ
1055 2596 1187 2636 otiosa
1212 2598 1285 2648 sit,
1323 2597 1404 2635 nisi
1433 2597 1516 2634 iam
1542 2599 1641 2634 ante

314 2649 499 2701 positum
520 2651 603 2691 suit
621 2653 874 2706 exemplum.
