1752 3118
450 307 550 357 DE
593 305 830 356 LIBRO
874 311 939 358 Π.
983 312 1035 358 Υ.
1271 329 1409 363 oxvn

86 434 346 483 admiretur
377 431 584 481 diuinam
617 432 707 480 viri
735 433 1058 497 eloquentiam
1091 445 1139 480 et
1169 432 1259 481 alte
1292 445 1403 485 senss-

85 504 278 550 tientem
308 501 533 559 animum,
589 498 687 546 cius
719 516 819 547 esse
851 500 1024 548 debere
1049 500 1282 561 insignem
1305 516 1405 551 stu-

84 587 254 633 poxem
281 581 328 613 et
374 566 579 613 animum
614 567 751 629 plane
790 566 1042 615 abiectum
1127 568 1230 631 Ego
1274 584 1400 617 certe

84 636 272 718 'quoties
306 634 385 680 illa
422 635 558 695 lego,
598 633 664 681 Τί
693 632 808 681 ποτ’
837 641 934 681 ov'v
956 630 1095 682 εἶδον
1119 637 1173 681 οἱ
1169 606 1400 684 ζ,ιίῑόθ-εοι

81 705 294 755 ἐκεῖνοι,
339 715 386 748 et
417 717 538 763 quae
571 698 792 765 deinceps
826 716 1110 765 sequuntur,
1156 702 1294 748 toties
1327 703 1398 750 sic

81 770 253 815 efferor
269 785 377 813 cum
400 780 615 826 auctore,
651 780 701 813 vt
729 784 827 814 non
849 768 1015 815 subeat
1033 766 1300 832 expendere
1319 767 1399 815 di-

78 834 187 882 vina
224 834 322 882 eius
366 833 511 892 dieta,
559 833 644 880 sed
680 847 731 882 vt
763 834 860 880 fere
894 849 1136 911 stupeam,
1193 851 1397 900 seroque

78 902 288 959 sentiam,
325 918 554 964 quorsum
576 901 658 948 ille
681 917 756 962 me
783 901 1053 966 abripuerit.
1123 901 1265 949 Nihil
1279 921 1397 965 pro—

75 968 204 1014 fecto
233 968 358 1015 vllus
393 985 608 1031 vnquatn
633 982 792 1015 mator
818 970 1032 1035 proferre
1058 969 1217 1033 potuit
1238 970 1395 1019 excel-

76 1034 270 1082 lentius!
326 1034 532 1081 Mirifice
562 1047 723 1082 autem
743 1035 886 1082 simul
916 1054 1048 1082 suam
1078 1036 1185 1100 ipse
1202 1053 1393 1084 causam

76 1102 194 1164 egit,
240 1092 507 1166 effecitque,
540 1114 590 1148 vt
625 1102 827 1150 lectores
866 1101 1123 1165 prudentes
1164 1117 1214 1151 et·
1251 1103 1393 1167 aequi

74 1170 259 1232 magnis
291 1168 675 1221 eiuS„v1rtut1bus
704 1168 911 1216 libenter
942 1183 1133 1233 peccata
1161 1170 1391 1232 quaed-am

74 1235 427 1295 condonarent3
493 1251 547 1294 ac
578 1235 784 1282 fortassis
829 1234 1126 1285 etiamillnd-
1150 1235 1209 1281 de
1243 1234 1391 1300 Lysia

72 1301 313 1363 iudicium
333 1305 412 1364 52,
426 1304 463 1349 8·
476 1315 522 1348 et
539 1304 618 1359 55,
642 1318 682 1360 1,
703 1300 1152 1365 quodvideridebet
1163 1300 1388 1366 iniquius,

75 1382 122 1416 et
153 1369 203 1415 in
225 1386 322 1434 quo
346 1369 427 1415 ille
453 1370 786 1427 contentione,
822 1369 985 1416 nescio
1009 1387 1128 1434 qua,
1163 1369 1391 1434 abreptus

74 1436 244 1500 suique
266 1435 444 1483 oblitus
470 1435 618 1482 fuisse
644 1431 859 1496 videtur,
896 1454 1006 1483 cum
1030 1439 1109 1497 54,
1136 1453 1162 1483 2
1183 1436 1391 1500 ingenue

73 1516 121 1550 et
160 1501 360 1549 candide
404 1504 677 1558 Λυσιακεὲς
724 1501 913 1563 ἀρετάς
948 1521 1002 1550 τε
1031 1506 1128 1550 καὶ
1162 1502 1388 1566 χάριτας

75 1586 332 1632 agnoscere
368 1586 418 1615 se
451 1567 681 1616 ostendat.
731 1569 1038 1617 Dissertatio
1074 1568 1135 1616 de
1169 1569 1388 1635 Odyssea

71 1637 187 1686 loeo
208 1653 411 1682 mmrme
423 1647 698 1699 opportuno
723 1636 895 1683 inserta
917 1650 999 1697 est,
1035 1649 1088 1683 et
1105 1648 1202 1690 tota
1221 1638 1388 1686 nititur

73 1702 361 1751 coniecturis
392 1702 528 1748 valde
554 1701 755 1762 incertis
791 1701 920 1750 Inter
940 1703 1184 1750 breuiores
1209 1702 1387 1778 digres-

71 1770 231 1817 siones
264 1769 459 1835 cognitu
485 1769 684 1815 maxime
710 1767 852 1833 digna
881 1782 949 1817 est
971 1770 1263 1834 comparatio
1292 1770 1385 1816 De-

68 1827 331 1885 mosthenis
351 1850 398 1883 et
418 1836 663 1883 Ciceronis
692 1853 766 1897 12,
794 1840 837 1883 4.
860 1855 895 1884 s.
940 1835 1105 1884 Fluxit
1118 1836 1206 1883 illa
1225 1856 1251 1885 e
1271 1855 1299 1884 v
1303 1854 1385 1885 ero

69 1923 240 1966 sensu,
276 1917 323 1951 et
352 1903 632 1967 imaginihus
653 1902 972 1967 distinguitur,
1009 1919 1129 1969 quae·
1153 1902 1388 1952 diuersam

70 1971 313 2035 Vtriusque
331 1971 552 2024 virtutem
569 1988 739 2035 magna
754 1970 804 2018 in
826 1971 933 2020 luce
954 1985 1153 2036 ponunt.

630 2084 674 2147 5
703 2083 840 2133 xtn.

203 2173 390 2235 Restat,
435 2189 487 2223 vt
518 2175 740 2223 vniuetse
774 2192 934 2238 genus
950 2171 1139 2227 dicendi
1171 2172 1388 2235 declare—

70 2258 212 2303 mus,
236 2260 333 2306 quo
357 2242 538 2291 rhetori
555 2243 687 2291 hoc
668 2261 724 2289 m
749 2243 876 2290 libro
901 2242 968 2289 vti
989 2241 1183 2304 placuit.
1223 2241 1280 2288 Id
1301 2242 1386 2289 ille

72 2309 459 2357 accommodauit
506 2309 564 2357 ad
598 2312 880 2357 vniuersum
928 2321 1283 2370 argument-nm,
1339 2322 1386 2356 et

71 2393 179 2421 cum
197 2377 527 2424 sententiarum
538 2377 777 2441 grauitate,
790 2392 891 2425 tum
911 2376 1098 2424 delectu
1111 2376 1384 2435 verborum,

71 2443 249 2504 figuris,
285 2444 432 2506 ttopis
456 2458 502 2491 et
533 2445 884 2509 compositione
904 2443 967 2490 ita
989 2443 1295 2507 temperauit‚
1334 2457 1386 2491 vt

69 2525 222 2572 prope
236 2480 498 2557 accederet
523 2510 591 2557 ad
607 2508 960 2572 sublimitatem,
996 2525 1043 2559 et
1072 2510 1347 2559 nonnullis
1334 2529 1386 2557 m

71 2576 191 2621 locis
217 2575 274 2622 nd
301 2593 403 2622 cam
423 2594 615 2642 prorsus
637 2579 953 2628 extolleretur
1000 2577 1167 2642 Itaque
1189 2577 1384 2623 minime

72 2655 143 2690 est
184 2644 435 2700 verbosus,
488 2643 570 2690 scd
594 2646 751 2710 paucis
780 2648 928 2694 multa
960 2644 1219 2722 complecti
1249 2644 1386 2719 solet,

73 2710 197 2758 sicut
236 2710 611 2776 Demosthenes5
664 2730 820 2779 quem
854 2727 902 2764 vt
939 2713 1152 2761 omnium
1187 2711 1387 2765 maxime
