1752 3118
422 272 725 316 SECTION.
753 273 806 313 X.
848 274 888 328 §.
919 286 952 312 1.
975 283 1019 317 2.·
1318 279 1404 332 289

82 392 292 446 καιρίως,
320 390 408 431 siue
429 387 578 438 cuique
598 386 664 424 rei
686 384 1172 434 conuenie11tissimis‚et
1190 387 1235 426 in
1253 389 1400 432 iisdem

80 455 198 486 arcte
212 442 534 506 coniungendis
521 455 565 479 m
578 454 728 479 vnum·
719 470 735 491 ,
757 441 885 479 “dass
899 440 1149 478 mandamus
1161 442 1184 462 '’
1207 447 1271 494 (vt
1289 458 1399 486 nuuc

80 503 323 554 loquuntur)
353 498 511 536 “einen
542 496 765 549 geborigen
797 498 982 549 Grou-ppe
1008 495 1160 534 bildess’
1196 496 1400 564 Exemplo

81 558 272 609 Sapphus
309 555 388 593 hoc
422 553 672 592 illustratur.
739 552 849 590 Haec
887 551 1050 603 poetria
1099 552 1208 603 quod
1249 556 1401 593 am01is

82 613 320 650 adiunctum
351 609 397 646 in
430 608 682 646 carminibus
704 607 893 656 adhibet,
940 607 983 645 id
1007 619 1091 646 non
1116 621 1285 659 magnae
1306 610 1402 648 lau—

84 668 148 706 dis
179 673 251 704 est.
308 664 390 703 Sed
424 676 520 701 cum
549 664 592 701 in
625 676 767 701 amore
797 679 848 703 τα
872 662 990 727 ἄκρα
1022 669 1064 701 et
1089 662 1403 718 ὑπερτεταμένα

82 722 165 760 sint
185 722 280 769 illa,
309 732 411 772 quae
426 719 702 770 postulantur,
730 721 903 771 καίρια,
932 719 977 757 in
993 731 1136 756 amore
1156 721 1405 786 praescr-tim

81 778 212 828 ipsius
237 774 449 827 Sapphus,
480 787 682 812 summam
695 774 770 813 illa
795 774 976 813 ostendit
1005 780 1141 812 artem
1174 773 1272 825 (την
1302 775 1406 828 ἀρε..

82 830 176 886 τήν)
200 832 244 869 in
263 831 326 870 his
346 829 576 880 deligendis
617 836 657 868 et
678 836 783 894 apte
804 829 1109 881 coniungendis.
1170 829 1276 868 Male
1302 844 1405 884 ergo

83 893 127 925 et
150 887 186 926 Γ
189 899 342 939 οιιΡιιι3
365 887 520 934 ταύτην
543 892 636 924 ante
660 885 733 934 τήν
753 883 906 938 α’ρετην
928 885 1058 923 scribi
1077 886 1250 925 curauit.

161 948 202 1016 §
215 965 250 991 2.
272 952 481 992 Φαίνεται
490 952 584 1005 μοι]
609 951 671 988 Ad
683 951 790 989 hanc
813 953 933 1001 oden,
958 965 1039 1003 qua
1054 950 1161 990 nihil
1178 952 1407 1004 elegantius

81 1008 191 1047 vidit
213 1007 411 1055 Graecia,
437 1007 658 1044 manilesto
677 1007 865 1072 respexit
897 1007 1066 1046 Lucian.
1100 1006 1145 1044 in
1171 1008 1408 1048 Amoribus.

81 1062 180 1105 Ἀλλ’
200 1067 294 1117 ἐμοὶ
314 1063 411 1117 μὲν,
439 1061 638 1115 δαίμονες
657 1060 874 1115 οὐράνιοι,
902 1066 999 1116 βίος
1020 1064 1084 1110 εἴη
1119 1061 1310 1112 διηνεκης
1332 1058 1408 1105 οὗ-

83 1134 176 1168 τος,
206 1115 450 1181 ἀπαντικρύ
472 1117 544 1157 τοῦ
566 1119 695 1168 φίλου
716 1120 997 1166 καθέζεσθαι,
1029 1121 1105 1157 καὶ
1127 1120 1309 1167 πλησίον
1330 1119 1412 1170 ἠδυ

82 1174 309 1217 λαλοῦντος
326 1171 508 1213 ἀκούειν.
537 1172 572 1209 Γ
574 1186 734 1213 ovmvs
791 1171 966 1215 Exstant
988 1172 1092 1211 haec
1113 1186 1147 1212 c.
1171 1173 1239 1212 46.
1265 1175 1412 1215 Simile

85 1229 278 1281 estquod
299 1228 352 1268 ib.
374 1241 408 1266 c.
415 1228 518 1265 15.
534 1234 732 1266 narratur
766 1226 816 1265 de
843 1228 1126 1276 adolescente,
1155 1242 1298 1267 amore
1325 1237 1411 1269 sta-

83 1291 205 1334 tuae,
263 1296 367 1335 quae
390 1283 595 1321 Venerem
618 1282 846 1331 referebat,
878 1289 1017 1334 capto:
1049 1298 1123 1331 την
1153 1282 1197 1322 δ’
1229 1281 1330 1333 ὅλην
1355 1285 1411 1334 ἦ..

84 1344 223 1407 μέραν
235 1369 249 1388 ,
279 1336 548 1401 ἀπαντικρύ
546 1337 618 1387 τῆς
634 1337 740 1378 ’θεοῦ
759 1336 1059 1392 καυεζόμενος,
1090 1337 1229 1391 ὀρθάς
1249 1340 1312 1380 ἐπ’
1329 1340 1411 1381 αύ-

85 1411 162 1445 την
184 1393 380 1443 διηνεκῶς
397 1392 473 1437 τοὶς
493 1391 574 1434 τῶν
600 1392 806 1448 ὀμμάτων
831 1393 965 1449 βολας
993 1392 1229 1446 ἁπηρειδεν.
1288 1396 1411 1435 Cete-

83 1466 182 1490 rum
198 1450 392 1490 vniuersc
414 1449 464 1486 ad
486 1461 653 1487 sensum
674 1450 772 1488 odes
794 1450 1047 1488 monendum
1079 1457 1162 1498 est,
1190 1452 1413 1491 mulielem

85 1507 159 1546 hic
177 1505 367 1544 mulieris
389 1517 532 1555 amore
552 1504 723 1554 ardelo,
751 1505 795 1543 id
815 1505 926 1557 quod
950 1518 996 1543 er
999 1511 1040 1543 at
1076 1505 1259 1545 Graecae
1286 1513 1415 1560 peta-

85 1561 256 1601 lantiae.

173 1624 288 1672 ὅστις
303 1629 494 1669 ἐναντίον
513 1643 579 1668 τοι
589 1634 667 1666 etc.
669 1629 684 1680 ]
699 1627 819 1666 Hunc
839 1628 980 1667 locum
993 1635 1161 1680 praeter
1184 1629 1286 1667 alios
1297 1630 1414 1668 mul-

87 1690 151 1723 tos
172 1684 376 1750 expressit
396 1683 629 1748 Xenophon
646 1682 798 1735 EpheS.
811 1681 859 1722 11.
891 1697 931 1734 p.
952 1686 1019 1723 25.
1047 1701 1103 1734 τῳ
1125 1684 1168 1724 δὲ
1187 1685 1277 1737 ἄρα
1297 1684 1415 1726 οὐδὲν

87 1739 211 1793 ἔργον
230 1734 283 1789 ην
301 1738 330 1788 ἢ
349 1737 512 1789 φιλεῖν”
505 1740 696 1786 ,ivetam
726 1742 801 1778 καὶ
819 1737 889 1778 ὐπ
908 1742 1063 1788 ἐκείνης
1081 1739 1320 1791 φιλεῖσθαι,
1339 1745 1416 1781 καὶ

88 1796 227 1836 λαλεῖν
249 1797 397 1850 ἐκείνη,
428 1799 502 1833 καὶ
521 1792 692 1835 ἀκούειν
712 1792 929 1843 λαλούσης.
987 1795 1094 1834 Vide
1116 1795 1416 1835 ''11'·.Hemster-

87 1850 256 1890 husium
273 1840 446 1889 Miscell.
477 1849 653 1888 observ.
684 1850 731 1887 T.
755 1849 822 1889 lv.
854 1862 894 1901 p.
917 1853 1011 1902 287.
1044 1851 1113 1903 qui
1146 1858 1262 1891 recte
1291 1852 1415 1904 legit:

91 1906 172 1947 άδυ
195 1904 420 1958 φωνοὺσας
438 1903 650 1945 ἐπακούει.
679 1904 980 1946 RvnNKENivs.

174 1971 397 2025 ὑπακούει]
428 1971 524 2010 Νοιι
554 1971 864 2010 sollicitandum
893 1972 975 2011 hoc
1001 1980 1103 2036 puto
1137 1987 1215 2012 nec
1241 1986 1416 2026 permu-

93 2029 265 2068 tandum
288 2041 382 2066 cum
403 2026 617 2067 ἐπακούει.
665 2026 920 2078 Exquisitius
946 2029 1056 2066 enim
1077 2029 1184 2067 illud
1202 2029 1418 2080 vngatum

94 2084 344 2137 grauiusque
365 2082 524 2122 dictum
544 2082 736 2121 videtur·
729 2111 740 2131 ,
769 2082 885 2134 quasi
913 2092 1067 2123 attente
1088 2093 1127 2123 et
1148 2099 1240 2124 cum
1259 2086 1418 2124 silentio

96 2141 225 2180 audet.

184 2209 258 2245 καὶ
281 2204 474 2259 γελώσας]
506 2203 795 2253 Robortellus,
822 2209 898 2245 καὶ
917 2205 1038 2259 γελᾷς
1058 2205 1110 2255 δή
1131 2205 1309 2262 ἱμερόεν.
1336 2219 1419 2246 vn—

98 2263 151 2301 de
175 2261 368 2310 fecimus,
398 2267 474 2301 καὶ
498 2260 636 2312 γελάϊς
666 2258 704 2299 δ’
737 2260 913 2315 ἱμερόεν.
952 2273 1049 2299 nam
1087 2264 1241 2301 vocula
1271 2263 1349 2301 ista
1374 2262 1420 2299 in

97 2318 178 2358 hoc
198 2316 341 2355 odario
360 2317 522 2367 saepius
541 2317 672 2355 vtitur
692 2315 882 2367 Sappho,
913 2317 1024 2369 quod
1047 2325 1089 2356 et
1123 2317 1256 2358 Faber
1277 2319 1421 2356 obser-

99 2374 228 2413 vauit.
287 2371 447 2409 Deinde
478 2372 651 2423 legimus
688 2385 781 2409 cum
816 2372 929 2412 MSS.
959 2379 1002 2410 et
1033 2372 1231 2422 Boiuino,
1272 2372 1319 2413 τό
1341 2387 1422 2427 μοι

99 2427 200 2484 ’μαν
218 2427 406 2491 καρδίαν
420 2431 461 2467 ἐν
479 2430 585 2475 στηι
589 2443 675 2468 εσιν
695 2426 910 2469 ἐπ’τόασεν.
941 2428 1053 2479 quod
1078 2443 1171 2467 cum
1191 2441 1278 2467 non
1298 2441 1422 2479 cape-

99 2491 197 2524 rent
224 2482 427 2535 imperiti,
453 2484 709 2533 reponebant
741 2482 787 2523 τό
819 2500 898 2539 μοι
917 2500 1007 2524 ταν.
1067 2485 1192 2535 Atqui
1214 2483 1324 2522 illud
1345 2498 1423 2536 μοι

104 2541 312 2592 eleganter
333 2540 543 2589 παρέλκει.
597 2539 754 2578 Auctor
781 2539 1110 2591 Arimaspiorum
1129 2540 1256 2577 infra:

189 2603 330 2661 &abbi
361 2605 543 2650 ΗΜΙΝ
576 2608 654 2646 καὶ
687 2605 809 2650 τοῦτο
849 2609 1151 2707 ,ιΞξῇοΞΣᾳὶρξ-σὶν
1178 2606 1424 2650 ΗΜΕΤΕή

1129 2715 1166 2758 Τ
