1752 3118
334 280 430 313 ch
514 223 519 228 ⁴
644 246 773 312 DE
814 245 1283 316 ANACLYPHO

329 385 456 444 nati,
490 401 627 450 saepe
650 383 822 432 dubius
852 384 1381 451 haereas,1Apollinem
1413 388 1565 452 ipsum
1592 411 1652 443 an

328 453 662 501 citharoedum
702 464 885 498 tantum
915 453 1085 501 vestitu
1115 453 1354 518 Apollinis
1377 454 1651 519 Musagetae

326 521 566 568 excultum
585 517 860 582 conspicias,
898 516 952 564 In
973 519 1134 566 statuis
1155 534 1201 569 et
1221 521 1363 586 signis
1385 521 1645 572 maioribus

324 584 507 640 facilius
540 586 767 638 iudicium
794 586 914 637 feras
950 602 1010 638 ex
1043 586 1139 634 oris
1169 586 1486 650 lineamentis,
1527 609 1648 656 quae

323 654 385 702 ad
416 652 687 716 dignitatem
723 651 802 700 dei
833 652 1098 716 composita
1131 653 1224 702 sint
1235 691 1250 714 ,
1305 675 1370 715 an·
1393 657 1649 708 humanam

323 734 505 769 tantum
528 737 638 784 prae
659 735 710 766 se
730 720 888 767 ferant
901 721 1125 785 speciem,
1150 720 1189 767 si
1201 723 1277 769 vel
1295 723 1531 771 modicam
1558 726 1646 774 tibi

324 786 678 852 ‚comparaueris
732 786 902 834 harum
950 787 1207 837 formarum
1258 788 1642 854 intelligentiam,

321 854 458 913 nullo
492 853 686 916 negotio
713 852 979 918 dignoscas.
1046 854 1147 903 Sed
1173 856 1223 901 in
1251 857 1437 920 pusillis
1461 857 1647 920 figuris,

308 938 446 984 *quae
478 920 527 967 in
557 922 873 968 marmoribus
900 921 1087 969 caelatis
1112 935 1158 969 et
1178 922 1375 971 minoris
1404 922 1524 971 adeo
1546 942 1646 973 mo-

321 986 425 1034 duli
462 987 789 1035 monumentis
824 1003 1000 1035 exstare
1035 1005 1401 1037 consentaneum
1436 1005 1528 1047 est,
1564 992 1643 1040 vix

321 1054 484 1113 aliter,
522 1071 662 1117 quam
700 1053 915 1118 diligenti
946 1071 1104 1102 earum
1141 1073 1329 1115 rerum,
1367 1075 1483 1121 quas
1511 1056 1644 1122 πάρε·

319 1139 445 1184 εργα
477 1121 715 1186 appellare
742 1122 967 1179 solemus,
1005 1121 1382 1171 consideratione
1404 1141 1477 1171 res
1503 1124 1562 1172 ad
1588 1125 1646 1172 li-

316 1186 516 1253 quidum
550 1186 751 1252 perduci
783 1189 1032 1252 poterit*).
1101 1188 1187 1237 Sic
1205 1185 1513 1255 Apollinem,
1558 1189 1643 1240 sed

315 1268 650 1320 personatum„
685 1254 783 1301 hoc
815 1256 929 1303 loco
961 1255 1200 1317 exhiberi,
1237 1258 1444 1322 optime,
1481 1258 1523 1305 si
1549 1259 1641 1306 sin-

318 1323 429 1384 gula
463 1319 751 1386 perpendas,
786 1323 1020 1386 intelliges
1046 1340 1072 1370 e
1098 1324 1249 1371 tribus
1273 1326 1436 1388 figuris
1467 1325 1537 1372 illi
1563 1345 1642 1391 ap-

304 1387 495 1452 positis.
546 1389 762 1435 Primum
792 1388 1084 1449 Victoriola,
1121 1390 1231 1437 Ioui
1253 1391 1367 1437 inde
1389 1410 1414 1432 a
1443 1390 1641 1438 Phidiae

312 1453 613 1501 nobilissimo
660 1454 911 1502 simulacro
947 1470 1087 1513 saepe
1135 1467 1300 1502 comes.
1333 1449 1490 1504 addita
1513 1453 1640 1517 (adi

311 1520 403 1579 sis,
438 1520 528 1568 nisi
553 1538 696 1583 graue
719 1533 814 1579 est,
852 1520 911 1565 V
905 1518 1130 1564 olkelium
1150 1517 1198 1563 in
1225 1515 1554 1575 dissertatione
1576 1521 1638 1570 de

355 1699 387 1741 *)
406 1692 616 1733 Dummodo
635 1700 753 1742 capita
772 1699 892 1740 figuris
913 1700 985 1731 suis
1002 1706 1170 1738 constent,
1185 1707 1219 1731 et
1239 1711 1329 1742 quae
1347 1699 1453 1733 bodie
1477 1700 1636 1735 humeris

309 1747 461 1782 illarum
491 1746 653 1787 imposita
685 1744 827 1783 videas,
858 1744 1007 1785 genuina
1027 1744 1097 1776 sint
1123 1751 1157 1775 et
1180 1744 1223 1775 ab
1254 1746 1396 1778 artificis
1418 1756 1526 1777 manu
1547 1758 1636 1788 pro-

310 1793 414 1825 fecta.
462 1789 533 1822 Sed
550 1789 621 1822 dici
643 1800 711 1821 non
734 1796 869 1831 potest,
893 1795 1068 1830 quantum
1092 1788 1228 1821 fraudis
1250 1790 1322 1820 iam
1341 1792 1468 1831 priscis
1488 1798 1634 1833 tempo-

308 1836 410 1869 ribus
431 1836 467 1867 in
488 1834 664 1877 capitibus
682 1842 887 1865 statuarum
906 1832 1015 1865 surdo
1037 1833 1240 1866 discrimine
1259 1834 1506 1876 permutandis
1526 1834 1635 1876 (Plin-
1686 1861 1696 1871 ,

308 1879 454 1915 XXXV.
489 1891 516 1911 s.
541 1877 603 1922 2.)
637 1880 871 1911 commissum
898 1878 955 1909 sit.
1006 1878 1101 1911 Nam
1133 1889 1241 1920 quem
1269 1881 1437 1920 praeterit
1456 1879 1635 1912 famosum

309 1924 406 1958 illud
425 1920 762 1967 μεταῤῥυθμίζειν,
797 1924 850 1954 vel
883 1933 902 1952 e
932 1921 1111 1954 Rhodiaca
1136 1922 1261 1955 Dionis
1284 1922 1529 1964 chrysostomi
1551 1926 1634 1956 satis

308 1977 439 2002 notum
470 1977 505 2000 et·
535 1980 554 2000 a
575 1979 703 2010 magno
723 1968 885 2000 Suetonii
913 1968 1103 2009 interprete
1131 1966 1175 1999 ad
1195 1966 1277 2001 Tib,
1296 1979 1326 1999 c.
1349 1967 1399 2000 55-
1421 1968 1522 2000 docte
1542 1970 1634 2000 illu-

308 2021 476 2046 stratum.
500 2014 579 2045 Iam
601 2014 728 2055 cogitet
749 2013 878 2054 aliquis
899 2013 1136 2044 recentiorum
1148 2020 1355 2055 temporum
1376 2013 1410 2044 in
1430 2014 1634 2046 instauran-

308 2057 363 2090 dis
396 2060 520 2090 statuis
541 2060 744 2090 innumeras
774 2057 1052 2096 statuariorum,
1085 2059 1115 2089 si
1132 2068 1209 2100 spes
1229 2056 1343 2089 dolosi
1363 2060 1505 2090 nummi
1524 2058 1631 2090 afful-

307 2105 416 2141 serit,
448 2102 540 2135 nihil
565 2114 635 2134 non
657 2102 884 2134 molientium
903 2102 1130 2144 imposturas.
1166 2102 1305 2143 Cogitet
1325 2101 1537 2144 Canaceppii
1560 2104 1630 2135 ali-

304 2149 407 2180 cuius
439 2148 492 2179 vel
517 2145 684 2179 Ienkinsii
703 2147 882 2179 officinam
903 2147 938 2178 in
960 2146 1175 2180 detruncatis
1194 2146 1486 2188 admutilatisque
1505 2149 1630 2179 statuis

306 2191 566 2234 interpolandis
579 2191 737 2235 quotidie
749 2200 944 2234 operatam.
989 2192 1078 2235 Quis
1102 2192 1206 2224 hodie
1229 2199 1304 2222 tuto
1325 2192 1504 2224 affirmare
1519 2193 1632 2231 ausit,'

304 2238 378 2269 tale
390 2245 497 2278 caput
509 2238 574 2268 tali
594 2245 729 2269 statuae
741 2236 785 2268 ab
800 2238 900 2269 initio
913 2245 1038 2279 aptum
1057 2245 1092 2268 et
1106 2237 1314 2279 copulatum
1330 2236 1463 2269 fuisse?
1495 2235 1630 2268 sed-de

304 2280 360 2313 his
393 2292 478 2313 mox
510 2283 709 2314 acutissime
733 2281 961 2314 disserentem
991 2282 1175 2314 audiemus
1201 2291 1372 2322 maguum
1397 2279 1435 2311 V
1433 2279 1631 2312 iscontium.

305 2327 341 2359 in
364 2327 649 2367 praeclarissimo
675 2338 800 2369 opere,
825 2326 920 2369 quod
941 2328 1013 2358 iam
1035 2325 1100 2358 sub
1120 2328 1229 2369 prelis
1245 2325 1369 2364 sudat,
1407 2326 1629 2367 Iconologiae

303 2381 397 2402 suae⁴
444 2370 524 2409 Sic,
549 2379 584 2402 vt
601 2384 620 2402 a
642 2371 863 2404 deuerticulo
881 2379 1118 2410 reuertamur,
1142 2371 1233 2403 duae
1250 2379 1394 2408 statuae,
1419 2382 1509 2412 quae
1524 2370 1628 2405 Pots-

305 2414 446 2457 dampii
469 2416 558 2446 olim
579 2417 672 2448 visae
698 2428 793 2449 nunc
818 2416 998 2448 Lutetiam
1022 2418 1320 2458 commigrarunt,
1355 2416 1460 2457 vulgo
1482 2415 1526 2446 ad
1552 2416 1626 2457 Ly-

303 2459 460 2491 comedis
489 2460 665 2493 familiam
692 2463 844 2499 relatae,
869 2460 928 2492 sed
950 2473 969 2493 a
995 2460 1204 2493 Levezowio
1234 2468 1353 2493 nostro
1380 2460 1425 2491 ad
1448 2458 1625 2501 Apollinis

305 2503 503 2536 citharoedi
532 2508 685 2550 speciem
703 2515 872 2538 retractae
901 2504 975 2547 (adi
994 2508 1040 2539 sis
1062 2507 1340 2539 dissertationem
1371 2505 1482 2536 bonae
1514 2505 1624 2546 frugis

304 2550 571 2592 plenissimam:
603 2549 716 2583 Ueber
735 2550 792 2582 die
804 2548 965 2582 Familie
991 2551 1053 2583 des
1075 2550 1287 2594 Lycomedes
1306 2550 1385 2582 Taf.
1410 2550 1439 2580 Ι.
1461 2557 1494 2580 et
1505 2549 1566 2581 VI.
1587 2560 1624 2591 p.
1688 2589 1692 2595 ἢ

303 2593 360 2626 45.
391 2593 512 2637 seqq.)
533 2596 773 2630 citharoedine
792 2604 931 2628 tantum
955 2597 1103 2637 fuerint,
1129 2610 1172 2630 an
1192 2597 1258 2638 Dei
1284 2597 1391 2638 ipsius
1419 2595 1623 2633 simulam-a,

302 2648 323 2669 e
348 2640 523 2681 capitibus
548 2642 695 2673 illarum
717 2644 745 2674 si
766 2642 961 2674 diiudicare
984 2643 1086 2682 velis,
1120 2654 1185 2675 nae
1209 2650 1419 2683 magnopere
1440 2638 1623 2672 laborabis

306 2690 342 2716 et
363 2685 400 2717 in
419 2684 573 2721 tenebris
594 2686 660 2720 tibi
679 2686 889 2721 micandum
908 2698 978 2719 esse
997 2689 1182 2731 intelliges.
