1752 3118
186 236 462 282 LONGINI
496 233 584 275 DE
621 233 789 277 SVBL.
817 233 993 275 SECT.
1029 234 1114 276 XL.
1137 237 1243 283 XLI.
1302 242 1386 290 14&

70 356 442 422 spicionemque
475 345 759 394 humilitatis
796 345 1030 410 effugisse,
1064 348 1115 395 in
1148 348 1224 397 his
1259 350 1383 399 Phi.·
1420 360 1426 367 ·

65 447 254 506 listum,
301 435 676 503 Aristophanem
711 453 813 484 non
847 453 1143 501 numquam,
1175 437 1384 503 Euripi-

65 534 180 584 dem
225 530 404 594 vhique
446 528 558 576 fere.
628 524 771 574 Facta
803 525 1023 573 filiorum
1060 525 1209 575 caede
1243 527 1380 576 Her-

1415 537 1445 582 Οἳ

68 623 201 673 cules
246 616 379 683 apud
422 614 742 681 Euripidem,
792 618 974 669 Plenus·
1017 635 1151 675 sum,
1196 617 1382 682 inquit,

63 715 330 771 malorum,
383 725 471 756 nec
513 707 601 755 vlle·
634 706 822 765 (malo)
857 708 1070 768 ampliu-s
1103 710 1238 755 locu-s·
1279 717 1352 755 est
1367 726 1384 756 :

64 818 188 867 quae
208 796 428 864 quidem
449 793 712 844 admodum
735 793 946 857 vulgaris
973 796 1209 845 sententia
1238 815 1384 845 com-

59 890 304 957 positione
348 887 412 936 ad
459 884 765 934 sublimitatis
811 883 1179 941 similitudinem
1210 902 1383 936 acces-⁴

64 981 140 1029 sit.
209 977 363 1037 Quod
406 977 446 1024 si
482 975 628 1025 verba
662 974 801 1022 aliter
840 992 1124 1039 componas,
1167 976 1385 1043 adpare-

62 1070 162 1129 bit,
228 1067 469 1133 poeticam
517 1063 767 1129 Euripidis
826 1064 926 1112 vim
974 1065 1037 1113 ad
1092 1081 1385 1117 structuram
1446 1071 1449 1077 '

64 1158 257 1222 potiuS,
305 1174 452 1222 quam
486 1153 743 1202 sententias
775 1152 1034 1218 pertinere.
1108 1156 1232 1204 Cum
1266 1175 1383 1207 vero
1419 1153 1454 1205 4*

66 1244 129 1294 de
163 1245 338 1306 Dirce,
385 1264 411 1293 a
446 1258 584 1292 tauro
622 1257 831 1309 raptata,
879 1242 1023 1291 dicit:
1092 1248 1152 1293 Si
1184 1250 1384 1310 quando

62 1354 175 1384 eam
208 1336 604 1395 nanciscebatur,
635 1334 845 1396 rotabat,
894 1342 942 1380 et
975 1351 1074 1382 vna
1106 1338 1357 1384 mullerem
1370 1371 1386 1398 ,

64 1444 264 1486 saxum,
299 1441 554 1488 quercum,
599 1426 651 1471 in
686 1441 849 1471 omnes
881 1431 1059 1486 partes
1107 1441 1255 1472 ruens
1302 1445 1386 1474 ra-

58 1515 266 1576 ptabat:
304 1530 533 1577 generosa
570 1527 639 1560 est
674 1512 818 1561 etiam
851 1513 954 1578 ipsa
990 1530 1090 1575 res3
1123 1513 1277 1563 multo
1313 1530 1386 1563 ta-

63 1620 176 1650 men
209 1602 292 1650 illa
329 1600 551 1673 amplior,
588 1603 820 1668 quoniam
853 1619 1085 1650 numerus
1121 1612 1222 1650 n'on
1254 1604 1384 1652 festi·

63 1706 173 1751 nat,
217 1710 309 1740 nec
355 1691 506 1740 veluti
547 1692 885 1756 prouoluitnr,
942 1691 1030 1740 sed
1076 1692 1223 1741 verba
1266 1707 1385 1740 tam-

65 1799 211 1846 quam
255 1795 422 1830 mutua
471 1781 626 1829 fulcra
661 1781 871 1843 habent,
922 1796 1203 1848 temporum
1238 1783 1386 1832 inter-

62 1871 202 1919 vallis
235 1872 486 1932 nituntur,
538 1885 584 1920 et
617 1871 683 1922 ita
717 1871 976 1937 dicuntur,
1011 1888 1063 1923 vt
1096 1871 1383 1937 magnitudo

65 1962 248 2011 stabilis
283 1963 476 2011 oriatur.

519 2118 554 2167 S
567 2117 607 2165 E
622 2116 732 2167 CT.
779 2117 913 2168 XLI.

66 2201 180 2278 Sed
235 2228 357 2278 nihil
403 2231 747 2282 sublimitatem
799 2246 1052 2298 tantopere
1104 2229 1383 2291 imminuit,

67 2337 219 2384 quam
264 2313 498 2369 numerus
541 2321 770 2370 orationis
813 2324 994 2369 fractus
1041 2334 1088 2369 et
1132 2321 1288 2382 celer,
1335 2333 1386 2369 vt

65 2409 364 2475 pyrrhichii,
398 2409 612 2459 trochaei
650 2426 696 2461 et
731 2411 980 2471 dichorei‚
1027 2410 1115 2477 qui
1151 2411 1296 2476 plane
1330 2410 1383 2457 in

65 2499 368 2547 saltationem
414 2514 671 2549 mutantur.
749 2501 906 2550 Nimis
955 2500 1081 2550 enim
1131 2517 1387 2549 numerosa

63 2589 199 2637 illico
235 2588 466 2638 videntur
501 2591 648 2654 culta,
682 2592 996 2641 minutiarum
1030 2590 1251 2640 studium
1271 2607 1386 2655 pro·-
