1758 3162
560 289 969 341 Eanonls.
1139 306 1144 315 ·
1366 273 1427 337 χι

100 432 256 481 multo
287 429 366 477 Ill.
391 429 550 489 BAsT,
584 427 831 492 Principis
864 423 1269 476 Darmstadie'nsis
1301 442 1328 470 a
1358 425 1428 473 le-

99 519 372 585 gationibus
401 518 716 568 Consiliarius
741 531 787 565 et
811 516 981 582 Eques
997 514 1197 565 Ordinis
1222 512 1432 563 Merith

98 628 236 672 1·um;
274 609 361 675 qui
386 608 582 657 Lutetia
612 607 755 657 nobis
786 625 886 655 non
911 625 1068 675 pauca
1098 624 1124 654 e
1148 604 1248 651 suis
1273 604 1429 668 copiis

98 701 238 748 misit.
272 700 321 747 Is
345 698 479 749 idem
502 698 631 747 illud
654 695 991 756 confirmauit,
1012 694 1090 743 his
1110 713 1222 743 vsus
1243 694 1429 743 verbis:

97 825 131 851 ,,
143 790 288 837 ΝασῘι
315 788 351 853 ἠ
378 789 505 850 μὲν,
546 791 725 839 welche
757 790 837 836 W
831 796 937 835 orte
970 789 1052 834 die
1084 790 1262 835 letzten
1299 787 1431 832 eines

97 880 230 926 Folia·
255 896 379 926 vers.
410 882 552 938 sind,
587 877 675 927 Izat
702 881 793 926 der
813 880 870 927 A
879 878 1126 924 bschrei
1134 876 1237 923 ber
1273 875 1434 936 beige⁴

82 970 240 1028 scigt,
285 960 476 1026 λείάτει,
519 972 626 1017 und
660 986 757 1018 von
784 985 924 1030 ganz
949 971 1145 1030 junget·
1174 967 1342 1014 Hand
1371 965 1434 1008 ist

97 1056 511 1119 beigeschrieben,
550 1057 728 1106 desunt
757 1058 873 1106 folia
907 1056 1059 1105 duo.“
1106 1053 1246 1113 Quid
1277 1069 1390 1116 ergo
1406 1049 1433 1096 ’ἶ

99 1162 219 1191 1111111
249 1142 479 1196 librarius
509 1140 634 1188 scire
667 1155 750 1188 aut
782 1145 1065 1205 praedicere
1104 1144 1289 1204 potuit,
1340 1142 1432 1189 isto

99 1232 213 1280 1000
245 1230 462 1295 peritura
488 1247 590 1278 esse
626 1230 744 1278 folia
776 1229 878 1277 duo
894 1228 919 1274 '3
956 1228 1150 1278 Desunt
1180 1230 1265 1276 illa
1297 1247 1436 1291 sane,

100 1338 277 1385 nempe
303 1334 534 1385 quartum
561 1334 608 1369 et
632 1319 864 1386 quintum
886 1335 945 1366 ex
967 1319 1288 1384 quaternione
1310 1321 1408 1368 KA
1420 1338 1436 1367 .·

100 1408 186 1459 sed
224 1409 424 1458 deerant
458 1409 627 1459 eadem
659 1409 713 1456 in
745 1409 1040 1476 archetypo,
1077 1427 1178 1474 quo
1214 1410 1437 1458 Vtebatur

100 1499 341 1546 librarius.
411 1498 565 1556 Quod
593 1517 710 1546 cum
734 1499 839 1564 ipse
865 1513 1089 1547 accurate
1125 1498 1441 1564 exprimeret,‘

102 1588 292 1651 scriptis
321 1586 374 1633 in
407 1604 699 1650 vnaquaque
726 1588 901 1650 pagina
927 1589 1147 1637 versibus
1181 1592 1269 1649 25,
1306 1605 1438 1635 com-

100 1675 250 1724 mode
272 1690 462 1741 poterat
492 1693 722 1723 numeros
753 1676 987 1724 foliorum
1011 1677 1076 1725 ita
1103 1691 1292 1734 notare,
1326 1692 1378 1725 vt
1399 1677 1440 1724 si

105 1783 192 1827 eo,
243 1765 383 1831 quod
426 1766 532 1831 ipse
577 1767 804 1831 parabat,
853 1768 1078 1833 exemplo
1127 1765 1436 1816 excidissent.

103 1855 205 1903 Alii
219 1855 434 1917 librarii,
470 1856 558 1921 qui
576 1857 751 1906 maiori
776 1855 969 1906 chartae
989 1859 1146 1906 forma
1168 1857 1440 1922 litterisque

104 1945 379 1993 minoribus
417 1946 602 1994 librum
643 1965 700 1996 ex
734 1945 911 1996 eodem
949 1948 1243 2014 archetypo,
1276 1937 1453 1995 alioue

108 2035 282 2083 codice
312 2035 429 2085 inde
465 2036 617 2085 ducto
651 2035 1018 2099 describebant,
1063 2056 1214 2087 vnum
1251 2049 1440 2083 tantum

105 2124 312 2190 φύλλον
346 2127 417 2174 ibi
446 2114 711 2176 desiderari
739 2126 1077 2192 prodiderunt.
1148 2127 1234 2174 Sic
1259 2126 1442 2173 factum

106 2213 156 2260 in
175 2232 327 2279 marg.
350 2215 461 2264 Vat.
491 2235 512 2264 1
542 2232 589 2266 et
610 2221 668 2278 5,
692 2232 738 2266 et
758 2217 810 2265 in
832 2217 1174 2266 Ambrosiano.
1211 2215 1442 2264 Sec-tione

114 2320 134 2349 1
146 2307 189 2351 8.
205 2319 318 2353 extr.
336 2304 675 2355 desiderantur
691 2307 743 2354 in
764 2307 936 2358 codice
949 2308 1167 2357 Parisino
1190 2305 1306 2354 folia
1321 2304 1440 2365 duo,

109 2410 286 2458 nempe
312 2411 542 2460 quartum
571 2413 618 2447 et
644 2396 870 2464 quintum
896 2397 1223 2465 quaternionis
1242 2397 1363 2454 KZ:
1395 2407 1442 2442 et

110 2496 271 2531 tamen
292 2483 460 2535 Tollio
481 2502 600 2537 teste
627 2489 679 2535 111
706 2507 853 2554 marg.
864 2489 1044 2539 Veneti
1075 2486 1181 2536 cod.
1204 2503 1320 2532 cum
1350 2482 1442 2530 du-

111 2571 345 2622 bitatione
360 2577 592 2641 scriptum
607 2594 689 2627 est:
717 2580 939 2628 ἐλλείπει
963 2582 1108 2645 περὶ
1130 2575 1226 2626 δύο
1248 2572 1444 2639 φύλλα·’

112 2661 343 2713 Sectione
382 2683 466 2729 12,
500 2685 542 2717 2.
581 2671 699 2719 item
732 2671 903 2719 amissa
935 2669 1035 2720 duo
1071 2668 1214 2730 folia,
1263 2682 1441 2732 nempe
