1752 3118
98 239 380 280 LONGINI
406 237 486 280 DE
512 236 685 278 san.
714 236 887 288 sEcsr.
921 238 1105 283 XXXIII.
1126 243 1317 286 XXXIV.
1350 257 1428 298 1¹9

98 369 275 417 genere
317 349 731 418 praestantissimi:
802 348 1043 399 Pindarus
1086 369 1203 401 vero
1241 370 1288 403 et
1323 357 1424 405 So-

97 442 304 507 phocles⁴
344 453 457 486 mox
499 436 566 487 ita
611 452 793 501 ruunt,
838 453 892 488 vt
937 441 1099 488 omnia
1141 441 1421 504 incendant,

96 547 212 578 mox
235 528 506 594 improuiso
543 528 766 577 exstincti
790 529 1011 578 infausto·
1028 547 1143 578 casu
1168 531 1418 578 labuntur.

99 620 242 668 Certe
286 636 431 667 nemo
469 619 580 668 satis
624 635 769 666 sanus
814 634 981 666 omnes
1017 616 1249 685 deinceps
1285 620 1418 668 Ionis

93 708 301 769 fabulas,
346 707 398 755 in
431 725 582 757 vnum
618 694 899 763 collectas,¹
933 723 1048 754 cum
1084 724 1180 756 vno
1217 707 1417 774 Oedipo

91 796 321 864 Tyranno
357 796 728 862 comparauerit.

490 1043 577 1094 SE
590 1044 629 1093 C
644 1043 705 1093 T.
772 1044 1012 1094 XXXIV.

91 1134 158 1204 Si
194 1166 312 1205 vero
347 1172 581 1217 numero,
626 1175 726 1206 non
760 1158 981 1218 veritate,
1016 1159 1145 1204 bona
1181 1143 1413 1203 erationis

89 1247 422 1305 aestimemuS,
469 1244 610 1293 etiam
646 1244 922 1313 Hyperides
955 1259 1195 1311 praestare
1231 1244 1412 1292 Demo⁴

88 1337 309 1398 sthenem
341 1333 577 1386 videatur.
655 1332 818 1384 Multo
856 1338 984 1384 enim
1017 1336 1166 1399 magis
1202 1351 1412 1399 compo-

90 1427 316 1478 sitionem
372 1412 604 1471 orationis
650 1425 878 1487 variauit,
941 1425 1197 1490 multoque
1243 1424 1408 1487 plures

88 1516 290 1564 virtutes
324 1513 497 1574 habet,
556 1525 630 1572 et,
685 1526 736 1569 vt
778 1514 1123 1580 quinquertio,
1181 1513 1281 1561 fere
1324 1530 1408 1560 se·-

90 1602 281 1652 cuudus
330 1616 428 1662 est,
484 1616 536 1650 vt
580 1601 767 1667 vbique
799 1621 828 1650 a
864 1603 1036 1651 ceteris
1072 1602 1265 1651 athletis
1301 1601 1407 1649 vin-

85 1706 244 1752 catur,
291 1690 398 1757 ipse
431 1708 547 1740 vero
583 1691 768 1739 alienos
801 1693 859 1739 ab
896 1699 997 1742 arte
1031 1692 1204 1740 vincat.
1291 1691 1406 1758 Hy-

83 1781 279 1848 perides
325 1781 479 1843 enim,
540 1795 879 1848 praeterquam
911 1781 1063 1848 quod.
1086 1781 1248 1830 omnia
1292 1780 1405 1829 De-

84 1870 351 1920 mosthenis
397 1872 550 1933 bona,
608 1886 806 1937 excepta
853 1858 1116 1922 verborum
1151 1869 1404 1935 composi-

85 1961 242 2022 tione,
293 1961 531 2022 imitatur,
589 1962 730 2012 etiam
763 1961 938 2028 Lysiae
982 1963 1183 2011 virtutes
1230 1973 1276 2008 et
1320 1975 1401 2007 ve-

86 2063 324 2099 nustatem
356 2050 601 2099 adsumsit.
680 2050 807 2100 Nam
840 2080 908 2091 ·-
943 2076 1007 2087 —
1040 2050 1122 2099 vbi
1157 2047 1402 2116 simplici·-

89 2155 184 2188 tate
219 2155 344 2205 opus
390 2155 487 2202 est,
546 2158 639 2190 nec
682 2140 1030 2190 Demosthenis
1071 2157 1208 2188 more
1242 2137 1401 2186 omnia

92 2228 323 2295 deinceps
359 2244 406 2279 et
436 2247 534 2278 vno
568 2229 722 2280 modo
759 2229 903 2278 dicit:
958 2238 1143 2282 morata,
1176 2217 1276 2279 eins
1297 2232 1403 2275 ora-

87 2319 156 2367 tio
199 2319 427 2367 blandam
467 2321 750 2376 suauitatem
796 2308 1271 2382 habet'3“itin1‘11i1eri
1315 2334 1406 2365 oc·
1459 2343 1463 2351 ·

91 2412 294 2457 currunt
327 2409 426 2457 ioci
461 2410 655 2472 vrbani,
707 2409 867 2457 irrisio
892 2399 1080 2467 faceta,
1129 2393 1407 2467 liberalitaS,

89 2512 317 2547 venustae
350 2499 562 2560 ironiae,
616 2513 874 2548 scommata
907 2515 1008 2546 non
1044 2497 1270 2563 illepida,
1329 2512 1411 2542 ne-

90 2605 189 2653 que
222 2606 339 2637 vero
378 2589 579 2648 effrena,
637 2588 797 2655 qualia
841 2589 979 2637 fuere
1023 2603 1245 2637 veterum
1289 2582 1412 2632 Auiss
