1752 3118
304 290 403 341 ET
437 283 789 337 SCRIPTIS
824 286 1180 353 LQNGINI.
1261 307 1442 342 Lxxvu

123 414 349 472 decebat,
386 408 478 457 sibi
507 407 567 457 de
594 411 812 460 versibus
832 409 1014 459 Latinis
1051 410 1287 459 iudicium
1317 430 1444 463 arro·

123 498 260 546 gare,
308 493 466 540 neque
499 489 595 524 tam
640 477 781 525 foeda
814 477 1105 542 ignauissimi
1137 478 1444 543 Imperatoris

123 544 330 595 adulatio
354 545 407 591 in
429 560 623 607 grauem
642 544 989 610 philosophum
1014 544 1224 593 cadebat.
1265 545 1443 594 Melius

121 613 266 679 igitur
300 610 386 659 alii
420 627 610 659 sensum
642 611 1038 677 philosophicum
1070 612 1120 659 in
1153 611 1253 659 hoc
1285 611 1445 661 indice

120 679 486 746 quaesiuerunt,
519 692 572 726 vt
596 677 871 726 Bruekerus
902 678 1025 726 Hist.
1051 678 1177 726 Phil.
1211 678 1353 728 Tom.
1379 677 1445 728 II.

158 783 168 793 .
191 749 300 793 216.
322 743 563 810 quamuiS,
600 746 755 810 qualis
773 745 938 807 fuerit,
964 762 1108 794 nemo
1132 745 1447 810 expediuerit:

119 766 277 863 globis
302 811 352 859 in
382 824 588 859 mentem
608 812 737 860 venit
758 813 940 876 legere:
976 806 1058 861 ὅτι
1082 813 1207 870 νοῦς
1226 816 1448 879 ποιητής

120 883 219 929 καὶ
251 879 525 937 βασιλεῦς,
563 877 617 926 id
652 894 752 939 est,
795 890 1004 928 mentem
1036 882 1130 929 hoc
1160 883 1447 930 vniuersum

123 950 424 1004 condidisse,
444 955 492 992 et
510 949 759 995 conditum
780 965 967 1010 regere.
1002 946 1074 995 Ita
1097 948 1221 996 liber
1240 947 1447 1012 scriptus

123 1029 195 1062 est
228 1012 290 1061 ad
329 1011 616 1063 refellendos
650 1014 752 1062 eius
783 1015 942 1062 aetatis
980 1014 1329 1081 philosophos,
1365 1014 1452 1079 qui

122 1080 212 1128 tria
244 1097 404 1128 rerum
432 1079 666 1145 principia
703 1094 966 1129 statuerunt
985 1117 1000 1144 ,
1045 1081 1107 1130 de
1136 1082 1310 1146 quibus
1337 1080 1451 1132 vide

122 1147 217 1195 Th.
245 1146 448 1193 Galeum
470 1145 532 1193 ad
554 1147 803 1195 Iamblich.
830 1147 892 1195 de
913 1148 1109 1215 Myster.
1128 1167 1176 1213 p.
1199 1166 1309 1212 297.
1333 1148 1450 1200 etR.

123 1212 410 1264 Cudworth.
444 1212 644 1279 System.
679 1213 835 1262 Intell.
874 1214 1015 1264 Tom.
1038 1214 1076 1263 l.
1109 1234 1155 1280 p.
1179 1219 1291 1264 884.
1311 1229 1360 1262 et
1388 1215 1453 1263 ad

126 1278 503 1328 confirmandam
514 1294 677 1328 senten
683 1281 792 1329 tiam
804 1280 1015 1330 Platonis
1026 1282 1214 1332 Phileb.
1234 1301 1284 1347 p.
1300 1300 1375 1347 79.
1385 1281 1449 1329 D.

122 1345 316 1404 πάντες
362 1349 463 1411 γάρ
506 1349 875 1413 συμφωνοῦσιν
907 1351 962 1398 οἱ
996 1352 1174 1414 σοφοὶ,
1226 1351 1452 1410 ἑαυτούς
1501 1356 1503 1358 ’

121 1411 261 1462 οὕτω
284 1412 648 1473 σεμνύνοντες,
680 1415 745 1472 ὦς
769 1416 895 1473 νοῦς
914 1418 1022 1465 ἐστι
1043 1416 1298 1474 βασιλεῦς
1321 1415 1452 1481 ἡμῖν

125 1479 362 1543 οὐρανοῦ
392 1482 486 1526 καὶ
507 1481 624 1544 γῆς·
670 1481 753 1529 vbi
784 1481 1166 1547 olympiodorus
1194 1482 1453 1531 Commen-

124 1558 208 1594 tar.
254 1543 357 1593 MS.
392 1544 557 1593 laudat
598 1546 753 1595 simile
801 1546 1098 1613 Orphicum:
1143 1549 1270 1606 νοῦς
1302 1547 1359 1598 δέ
1400 1550 1456 1598 οἱ

122 1610 360 1676 ἀψευδής
378 1610 668 1676 βασιλήιος.
712 1613 784 1661 Ita
802 1631 966 1663 versus
989 1615 1297 1679 scribendus,
1331 1633 1451 1676 non,

124 1691 174 1727 vt
205 1678 255 1725 in
280 1676 467 1742 Orphei
487 1677 780 1742 Fragmentis
800 1681 1104 1730 Gesnerianis
1131 1702 1179 1747 p.
1206 1687 1317 1732 410.
1346 1682 1454 1738 edi'-‚

121 1758 199 1793 tus
230 1758 325 1792 est:
385 1744 511 1802 νοῦς
546 1743 603 1793 δὲ
630 1742 721 1794 οἷα
752 1746 951 1813 ψευδής
977 1749 1273 1815 βασιλήιος.
1354 1749 1445 1798 His

124 1810 348 1875 Origenis
373 1811 512 1860 libris
542 1811 668 1861 adde
699 1813 915 1863 eiusdem
949 1816 1362 1865 Commentarium
1395 1818 1447 1866 in

115 1878 311 1927 Timaei
321 1877 558 1927 Platonici
570 1881 888 1945 prooemium,
900 1900 1039 1948 saepe
1055 1883 1259 1933 aProclo
1273 1884 1323 1932 in
1336 1902 1455 1932 eun-

122 1944 232 1993 dem
251 1945 383 1995 Tim.
402 1946 672 2010 laudatum,
708 1948 758 1996 in
781 1967 879 2014 quo
901 1949 1142 1999 interdum
1163 1971 1188 2000 a
1203 1951 1447 2016 Longino,

122 2012 209 2078 qui
233 2011 358 2060 illud
385 2013 543 2077 ipsum
564 2017 867 2079 prooemium
891 2018 1123 2082 singulari
1145 2019 1272 2068 libro
1302 2019 1456 2086 expli-

121 2093 313 2142 cuerat,
349 2077 594 2140 dissentit,
629 2096 680 2131 vt
712 2100 1004 2148 cognoscere
1035 2085 1150 2134 licet
1183 2104 1240 2134 ex
1274 2086 1451 2136 Proclo

121 2162 168 2211 p.
202 2163 277 2195 ιο.
301 2149 379 2195 26.
436 2146 494 2197 In
517 2147 594 2196 his
622 2164 778 2197 autem
800 2150 1101 2216 Origenianis
1128 2153 1341 2218 scriptis,
1377 2171 1454 2202 su-

120 2213 302 2261 bitariis
323 2228 371 2262 et
394 2226 574 2263 temere
591 2216 708 2264 fusis
719 2255 735 2277 ,
759 2236 859 2267 non
877 2221 1054 2267 mirum
1074 2235 1169 2283 est,
1198 2221 1239 2269 si
1259 2220 1452 2280 gratiam

122 2280 350 2328 orationis
373 2296 423 2329 et
444 2298 737 2333 venustatem
761 2287 971 2352 requirat
989 2288 1234 2353 Eunapius
1258 2287 1309 2336 in
1330 2288 1453 2336 Por—

120 2345 259 2413 phyr.
283 2366 330 2411 p.
356 2364 430 2407 17.
466 2350 710 2400 Hactenus
736 2351 796 2401 de
815 2355 968 2404 altero
989 2353 1200 2421 Longini
1221 2355 1270 2404 in
1292 2355 1453 2421 philo-

120 2412 295 2478 sophia
315 2416 564 2485 magistro,
599 2418 822 2485 Origene.
