1752 3118
443 270 747 316 SECTION.
778 271 848 313 XI.
880 272 982 327 §.2
1308 273 1391 341 §03

74 391 180 430 lium
202 389 246 428 L.
263 389 302 439 1,
330 402 364 427 c.
408 388 470 429 18.
497 385 587 423 fere
603 384 709 422 med.
735 382 794 422 Ea
821 384 880 422 sic
896 383 1071 422 habent:
1094 381 1184 424 'Fra
1204 382 1249 424 δὲ
1268 383 1392 439 trapa*

74 448 232 494 ταῦτα,
272 445 327 488 ὥς
348 444 606 494 Ἐπίχαρμος
626 442 744 480 ποιεῖ
765 438 840 488 τήν
865 437 1198 493 ὲποικοδόμησιν
1213 468 1223 486 ,
1252 444 1294 479 ἐκ
1317 441 1391 491 ἑῆς

71 502 274 556 ,διαβολῆς
291 500 318 549 ἡ
337 496 529 549 λοιδορία
542 509 552 519 ·
582 499 626 535 ἐκ
645 494 688 534 δὲ
709 494 858 543 ταύτης
874 494 901 543 ἡ
916 493 1049 548 μάχη.
1085 485 1261 532 Breuem
1281 487 1402 533 hund

75 572 162 598 esse
182 557 484 608 gradationem,
512 563 634 589 nemo
654 550 830 601 negabit.
870 550 1038 600 Vtrique
1058 556 1196 587 autem
1217 549 1393 600 Longini

71 603 175 653 loco'
198 609 408 663 aptissima
432 613 494 646 est
522 606 608 644 eius
638 606 766 644 notio.
822 605 960 656 Ipsum
991 607 1202 658 κλίμακος
1236 617 1392 644 nomen

71 670 149 716 23,
183 681 198 706 1
234 664 451 704 occurrit:
475 661 548 700 sed
569 660 774 712 Longinus
809 661 932 712 etiem
954 661 998 698 in
1027 660 1167 699 verbis
1189 660 1292 698 artis
1314 673 1392 698 co..

70 724 182 776 piam
211 726 331 759 amat.
379 718 459 757 Sed
484 717 558 756 sub
583 714 714 769 ἔργων
738 717 906 754 nomine
932 716 1032 767 quid
1053 714 1124 753 hic
1148 714 1391 767 intelligen-

73 779 170 817 dum
183 776 203 814 ’ἶ
258 774 458 827 Equidem
479 777 579 825 puto
607 786 669 810 res
691 771 776 808 siue
803 786 951 810 caueae
973 771 1211 810 tractandae
1225 779 1392 823 partes,

71 847 174 885 quae
193 832 234 887 §.
257 846 289 872 ι.
309 829 547 884 πράγματα
565 827 773 876 dicuntur,
790 840 871 879 quo
891 827 1060 866 nomine
1077 833 1222 866 auctor
1242 840 1393 866 rursus

70 889 134 928 vti
151 887 299 927 noluit.

180 943 235 987 ῶς
256 941 373 983 οὐδὲν
393 940 448 983 ἂν
471 940 627 983 τούτων
652 940 753 982 κουέ
776 939 882 981 αὐτό
904 941 1085 989 συσταίη
1100 944 1233 993 χωρὶς
1250 936 1391 995 ὕψους

69 1001 239 1052 τέλειον]
268 998 307 1036 N
311 1011 364 1037 on
386 1004 502 1036 recte
524 998 664 1036 reddit
682 997 750 1035 vir
770 997 1052 1043 doctissimus,
1085 998 1207 1049 Quod
1221 998 1327 1036 nihil
1341 1012 1391 1036 ex

69 1057 136 1096 his
159 1069 232 1108 per
264 1069 306 1094 se
334 1057 419 1092 sine
443 1054 686 1092 sublimitate
720 1055 943 1092 constituat
973 1053 1132 1104 aliquid
1153 1053 1388 1105 perfectum.

70 1103 167 1150 Non
190 1110 300 1162 cepit
324 1109 412 1147 vim
438 1109 558 1147 verbi
588 1111 780 1157 συσταίη.
839 1107 1113 1156 vertendum,
1143 1109 1264 1160 Quod
1289 1108 1396 1147 nillil

71 1181 122 1206 ex
150 1167 215 1204 his
241 1180 314 1217 per
340 1179 382 1203 se
407 1163 632 1218 perfia-tum
658 1178 741 1202 esse
758 1166 902 1215 possit.
957 1161 1150 1214 Hermog.
1171 1163 1223 1201 de
1251 1162 1281 1202 F
1284 1173 1396 1202 orm:

73 1220 191 1260 Orat.
215 1220 286 1258 lib.
312 1219 340 1258 Ι.
365 1233 452 1270 cap.
479 1231 514 1256 1.
548 1219 728 1271 Πρῶτον
751 1217 794 1257 δὲ
815 1219 856 1265 ἐξ
871 1210 929 1257 ὧν
947 1213 1066 1259 ἅπας
1087 1215 1209 1270 λόγος
1227 1222 1395 1269 πέφυκε

68 1277 290 1331 γίνεσθαι,
346 1278 422 1314 καὶ
449 1265 508 1313 ὧν
538 1272 615 1314 οὐκ
647 1273 746 1315 ἄνευ
777 1276 880 1313 ποι-ὲ
919 1273 1203 1313 ΣΤΣΤΛΙΗ
1233 1289 1274 1314 τι
1316 1272 1391 1312 λό-

69 1347 155 1386 γων
172 1329 303 1379 εἶδος,
332 1330 494 1383 ῥητέον.
551 1329 666 1376 Quae
687 1329 904 1381 paululum
925 1328 1140 1379 inquinata
1156 1335 1265 1368 sunt.
1314 1329 1393 1368 Vir

71 1387 214 1426 doctus
244 1386 296 1424 ad
323 1399 439 1424 oram
459 1383 749 1436 Hermogenis,
778 1397 900 1435 quem
921 1396 1085 1421 mecum
1106 1385 1393 1424 communica-

30 1437 41 1440 ⁹
69 1443 134 1481 vit
147 1441 462 1481 humanissimus
474 1439 683 1489 Heathius,
702 1439 993 1491 adscripserat‚
1013 1431 1071 1478 ὧν
1086 1438 1186 1480 ἄνευ
1212 1439 1274 1481 ού.
1305 1439 1392 1478 Sed

71 1511 126 1536 ne
156 1498 214 1535 sic
242 1496 409 1549 quidem
430 1495 544 1533 locus
572 1495 734 1547 integer
763 1495 864 1543 erit,
894 1494 964 1546 qui
990 1495 1048 1532 ita
1068 1495 1156 1533 sine
1179 1495 1303 1535 dubio
1323 1495 1393 1533 le-

73 1553 229 1605 gendus
257 1558 337 1590 est:
368 1543 426 1591 ὧν
450 1549 550 1591 ἄνευ
569 1550 644 1590 οὐκ
667 1552 762 1591 ΑΝ
781 1552 884 1590 ποτὲ
902 1550 1181 1590 ΣΥΣΤΛΙΗ
1198 1567 1238 1591 τι
1257 1549 1393 1602 λόγων

72 1608 194 1652 εἶδος.
221 1610 308 1646 sine
323 1607 465 1659 quibus
487 1620 537 1644 ne
554 1614 740 1645 constare
759 1606 918 1658 quidem
928 1608 1058 1658 possit
1070 1608 1211 1645 oratio.
1238 1607 1394 1645 Noster

70 1664 117 1702 in
139 1662 420 1713 prolegomen.
436 1660 488 1698 ad
502 1659 722 1712 Hephaest.
737 1656 834 1709 ὝἎη
853 1659 935 1714 γάρ
953 1663 1042 1703 τοῖς
1058 1663 1230 1714 μέτροις
1249 1661 1277 1711 ἡ
1292 1664 1392 1703 συλ-

70 1717 197 1773 λαβή,
232 1721 309 1757 καὶ,
329 1716 428 1758 ἄνευ
445 1714 595 1766 ταύτης
614 1717 732 1757 ΟΥΚ
751 1717 845 1757 AN
863 1716 1141 1757 ΣῪΣΤΛΙΗ
1156 1716 1204 1758 w*
1225 1719 1393 1773 μέτρον.

67 1773 268 1820 ῙῙονΡῙνε.

182 1829 210 1879 ἢ
230 1834 272 1870 ἐν
295 1827 563 1884 εὐτελισμοΐς]
606 1827 746 1881 Morus
773 1829 926 1869 vertit:
965 1839 1088 1885 atque
1116 1833 1161 1870 in
1187 1832 1301 1870 tenui
1327 1830 1396 1869 di·-

73 1886 192 1926 cendi
218 1900 369 1936 genere.
425 1885 573 1923 Grauis
598 1891 659 1923 est
683 1884 755 1924 hic
780 1899 924 1934 error,
952 1887 995 1924 in
1016 1900 1139 1938 quem
1161 1887 1285 1926 hujus
1307 1884 1395 1924 viri

74 1942 319 1981 auctoritate
349 1941 472 1978 etiam
491 1939 656 1978 Ernesti
674 1940 720 1978 in
738 1941 823 1980 lex.
843 1941 1027 1981 technol.
1049 1942 1120 1980 Gr.
1142 1942 1250 1981 rhet.
1269 1941 1394 1979 indu-

76 2004 166 2035 ctus
197 2003 269 2034 est.
326 1995 421 2034 Non
451 1995 503 2033 de
533 1995 776 2034 elocutionis
805 1997 1113 2049 verborumque
1142 2009 1294 2048 genere
1322 1995 1394 2034 hic

74 2052 234 2103 agitur,
263 2052 333 2090 sed
353 2050 404 2089 de
422 2051 546 2089 rebus
565 2050 774 2101 augendis,
816 2050 1031 2103 Repugnat
1046 2059 1086 2090 et
1103 2052 1284 2090 nominis
1299 2052 1394 2089 for-

73 2120 143 2145 ma
181 2107 432 2157 pluralisque
458 2118 684 2153 numerus;
729 2106 828 2157 quin
857 2106 981 2145 etiam
1012 2121 1079 2145 res
1106 2108 1195 2159 ipsa
1222 2120 1300 2159 per
1328 2119 1392 2156 se,

72 2163 170 2213 quia
197 2163 241 2199 in
268 2161 459 2213 augendis
488 2162 611 2199 rebus
639 2173 721 2198 non
740 2162 876 2209 tenui,
905 2162 977 2199 sed
999 2169 1231 2214 temperata
1253 2168 1392 2211 certe,

73 2218 109 2255 si
138 2230 221 2254 non
250 2217 439 2264 sublimi,
468 2217 655 2254 oratione
677 2217 877 2255 Vtendum
902 2223 974 2255 est.
1032 2218 1288 2257 vertendum
1310 2231 1392 2269 po-

74 2273 174 2311 tius:
221 2281 260 2311 et
291 2276 334 2310 in
355 2272 468 2310 rebus
489 2273 765 2312 extenuanda.
821 2272 888 2310 Sic
918 2271 1227 2312 Phoebammon
1251 2272 1392 2312 Schol.

75 2343 123 2368 π.
156 2343 283 2381 σχημ.
310 2341 351 2378 p.
388 2327 480 2378 592.
512 2327 604 2365 Ald.
627 2327 873 2381 diasyrmum
909 2341 994 2366 esse
1026 2329 1129 2366 dicit
1153 2327 1395 2383 εὐτελισμόν

75 2383 339 2437 πραγμάτων
358 2381 442 2422 ὑπό
464 2380 544 2421 τῶν
563 2386 760 2424 ἐναντίων
780 2388 838 2428 εἰς
857 2382 984 2437 ὄγκον
1005 2386 1288 2436 ἐπαρθέντων.
1339 2383 1394 2424 Et

72 2439 134 2478 ita
156 2439 323 2490 quidem
348 2437 497 2490 reliqui
517 2437 768 2489 interpretes
792 2452 934 2477 omnes
959 2446 1182 2491 ceperunt,
1215 2441 1323 2479 sicut
1352 2446 1395 2481 et

75 2495 219 2533 Claud.
252 2495 476 2540 Puteanus,
520 2493 592 2543 qui
623 2493 676 2531 ad
705 2507 831 2546 marg.
868 2495 1033 2546 scripsit
1071 2499 1394 2550 ἐκφαυλισμοῖς.

74 2549 260 2588 Pertinet
277 2549 359 2587 huc
380 2548 496 2586 locus
519 2547 730 2586 Ciceronis
744 2550 794 2588 de
813 2549 885 2588 Or.
907 2551 984 2599 ln,
1014 2550 1087 2588 26:
1118 2554 1282 2591 Summa
1301 2553 1393 2590 lam

77 2607 323 2658 eloquentiae
343 2611 426 2650 est,
456 2605 702 2655 amplficare
723 2619 804 2644 rem
829 2607 1027 2655 ornando,
1058 2601 1168 2659 quod
1184 2609 1290 2645 valet
1311 2620 1393 2645 non

75 2663 204 2701 solum
230 2662 289 2703 ad
307 2661 540 2726 aagendam
561 2660 719 2714 aliquid
732 2669 772 2700 et
805 2663 1020 2702 tollendum
1051 2665 1175 2703 altius
1198 2662 1390 2709 dicendo,
