1752 3118
636 693 939 761 NOTAE

748 815 815 842 AD

264 874 1299 958 LONG'INVM.

639 1177 848 1218 SECT.
895 1178 931 1220 1.

121 1281 162 1336 §.
187 1295 222 1323 1.
251 1255 490 1336 Iscmh'ov]
522 1282 803 1322 scribendum
816 1285 1065 1324 Καικιλίου.
1085 1297 1136 1322 αι
1158 1288 1200 1321 et
1220 1297 1239 1323 ε
1259 1281 1304 1320 in
1327 1281 1449 1328 libris

122 1338 287 1391 scsipfis
303 1339 454 1390 passim
473 1338 800 1378 confunduntur.
828 1338 895 1378 Sic
914 1338 1093 1377 Romani
1110 1339 1321 1378 Caecilius.
1349 1336 1452 1375 Erat

122 1399 263 1433 aute-m
285 1394 489 1432 Caecilius
512 1394 614 1443 iste,
653 1394 801 1433 rhetor
834 1394 1020 1443 Siculus,
1049 1393 1174 1432 domo
1197 1392 1450 1442 Calactinus,

122 1449 250 1489 homo
267 1450 313 1487 in
335 1457 426 1487 arte
450 1463 523 1487 sua
544 1462 631 1487 non
650 1449 887 1488 incelebris.
944 1448 1043 1488 Eius
1072 1450 1301 1487 meminere
1333 1462 1450 1487 com-

96 1545 106 1550 ,
124 1504 286 1554 plures,
333 1503 558 1556 Dionysius
591 1504 813 1554 Halican,
838 1504 1139 1557 Harpocratio,
1183 1503 1451 1552 Plutarchus,

124 1560 425 1609 Quintilianus,
463 1559 690 1609 Eusebius,
733 1559 925 1609 photius,
954 1560 1040 1600 alii„
1097 1560 1214 1599 Vixit
1238 1561 1312 1598 sub
1342 1559 1451 1598 lulio

125 1623 166 1654 et
203 1616 402 1668 Auguste,
450 1619 526 1655 καὶ
557 1619 794 1670 μετέωειτα.
861 1615 1015 1654 Romae
1046 1615 1325 1666 eloquentiam
1364 1627 1453 1653 non.

123 1671 212 1710 sine
228 1670 352 1709 laude
375 1670 530 1718 docuit,
559 1677 601 1709 et
622 1670 821 1722 Dionysio
844 1670 1156 1710 Halicarnasseo
1179 1684 1277 1710 vsus
1303 1677 1365 1708 est
1386 1670 1451 1708 sa-

122 1725 418 1764 miliarissime.
475 1725 579 1764 Vide
596 1725 763 1777 Dionys,
783 1725 914 1765 Halic.
938 1726 981 1763 in
1006 1725 1136 1777 Epist.
1152 1726 1204 1764 ad
1228 1726 1301 1765 Cn.
1326 1726 1453 1763 Pom-

122 1781 276 1834 peium.
315 1781 431 1820 Suid.
462 1795 503 1822 v.
533 1783 785 1830 Καικίλιος,
825 1780 1091 1838 Ἑρμαγόρας
1119 1788 1160 1819 et
1195 1784 1457 1837 Τιμαγένης.

124 1837 249 1883 Quod
270 1850 373 1875 vero
397 1837 498 1876 dicit
519 1837 687 1887 Suidas‚
717 1851 812 1876 eum
834 1839 907 1876 sub
929 1837 1118 1879 Adriano
1137 1836 1348 1885 docuisse,
1377 1850 1455 1875 ve·-

122 1907 219 1931 rum
250 1906 336 1930 esse
362 1905 447 1930 non
478 1899 625 1945 potest.
689 1893 794 1931 Mihi
825 1893 1057 1932 verisimile
1094 1899 1173 1941 est,
1216 1892 1455 1932 confudisse

124 1948 316 1995 Suidam,
353 1955 399 1986 vt
420 1949 549 1997 solet,
597 1949 701 1987 duos
727 1948 953 1998 Caecilius,
993 1962 1126 1988 vnum
1152 1949 1224 1987 sub
1249 1950 1456 1999 Augusto,

124 2005 304 2042 alterum
339 2004 413 2042 sub
437 2004 648 2054 Adriano3
688 2005 837 2055 quibus
871 2011 914 2043 et
943 2004 1116 2043 tertium
1152 2003 1366 2052 adiunxit,
1405 2003 1458 2050 Q.

128 2058 357 2097 Caecilium
389 2072 560 2110 nempe,
598 2059 920 2099 famosissimum
948 2060 1072 2098 illum
1094 2060 1239 2098 Verris
1261 2066 1456 2111 quaesto-

125 2128 230 2154 rem.
278 2115 412 2166 Atque
436 2115 488 2153 de
512 2114 593 2154 hoc
615 2122 826 2167 postremo
847 2115 1143 2167 intelligendus
1165 2114 1326 2163 suidas,
1358 2128 1456 2153 cum

128 2169 231 2208 dicit
261 2170 388 2208 sujsse
420 2170 627 2210 Iudaeum.
682 2171 784 2210 Erat
811 2171 922 2209 enim
954 2170 1150 2222 religioni
1175 2170 1243 2208 isti
1266 2170 1457 2210 addictus

128 2225 180 2270 Q.
208 2225 433 2273 Caecilius,
461 2232 509 2263 vt
529 2226 662 2277 liquet
684 2240 736 2264 ex
759 2226 1034 2265 celeberrimo
1067 2226 1145 2264 illo
1165 2225 1257 2264 ioco
1284 2225 1457 2265 Cicero-

129 2281 206 2328 nis,
239 2282 351 2333 Quid
365 2281 517 2320 Iudaeo
538 2296 630 2321 cum
650 2284 792 2322 verre?
820 2295 944 2334 quem
967 2282 1026 2320 ita
1044 2288 1190 2320 narrat
1209 2280 1460 2320 Plutarchus

127 2337 175 2374 in
199 2336 423 2376 Cicerone:
469 2332 607 2391 Ὅμως
639 2337 681 2376 δὲ
712 2337 849 2378 πολλοὶ
872 2340 1082 2390 χαρίεντα
1116 2336 1453 2401 διαμνημονεύε-

130 2407 204 2431 ται
236 2396 312 2432 καὶ,
344 2396 440 2444 περὶ
473 2396 633 2442 ἐκείνην
667 2393 800 2435 αὑτοῦ
821 2393 897 2443 τήν
920 2393 1054 2442 δίκην.
1111 2393 1281 2445 Βέρρην
1304 2392 1387 2447 γάρ
1412 2397 1460 2434 οἱ

128 2447 331 2502 Ῥωμαῖοι
372 2447 444 2488 τόν
476 2447 536 2502 μή
569 2453 873 2505 ἐκτετμημένον
905 2454 1060 2503 χοῖρον
1095 2449 1312 2490 καλοῦσιν.
1387 2449 1459 2493 Ὡς

133 2498 207 2545 οὗν
230 2502 554 2556 οἷπελευθερικός
577 2504 808 2558 ἄνθρωπος
828 2506 976 2557 ἔνοχος
997 2505 1053 2554 τῷ
1076 2503 1334 2553 Ἰουδαΐζειν,
1356 2505 1457 2546 ὅνο-

131 2576 197 2614 μα
231 2562 484 2607 Καικίλιος,
514 2559 702 2614 ἐβούλετο
733 2561 1046 2617 παρωσάμενος
1075 2560 1172 2603 τούς
1202 2560 1463 2605 Σικελιώτας

133 2621 382 2669 κατηγορεῖν
405 2616 480 2656 τοῦ
502 2614 692 2666 Βίῤῥου,
727 2619 782 2657 Τι’
802 2617 995 2666 Ἰουδαίῳ
1023 2615 1131 2668 πρός
1162 2621 1344 2669 χοῖρον,·
1371 2616 1457 2668 ἔφη

133 2672 158 2713 ὁ
193 2675 401 2727 Κικέρων.
457 2671 634 2724 Scripsit
664 2679 803 2713 autem
837 2674 1042 2714 Caecilius
1074 2679 1217 2712 noster
1250 2672 1459 2724 plurima,
