1718 3122
249 250 330 290 500
544 242 770 285 NOTAE
809 245 892 285 AD
931 243 1014 285 DE
1056 243 1308 284 SVBLIM.

252 359 410 399 relictis
439 357 703 399 scribendum
732 359 877 412 putaui
888 355 1011 402 Ὅλως
1038 357 1082 398 δὲ
1109 357 1145 397 δ.
1204 357 1273 396 Sic
1296 358 1407 396 enim
1426 357 1581 398 habent

253 415 369 454 codd.
400 414 509 453 Vaett.
537 417 580 455 B
608 422 650 453 et
686 415 740 463 C,
779 422 1002 455 comment.
1037 413 1178 462 Porti,
1214 413 1276 451 ed.
1312 427 1345 453 1.
1367 420 1409 451 et
1437 413 1582 451 Mano-

251 470 355 509 lesii.
409 469 462 509 Et
489 469 599 508 idem
628 483 723 509 cum
754 470 891 509 Tollio
920 471 1004 508 iam
1037 469 1167 508 edidit
1186 468 1429 518 Hudsonus‚
1458 470 1529 519 qui
1559 482 1599 507 e·

253 525 342 567 cod.
371 525 527 565 Eliensi
564 525 673 564 nihil
690 526 733 566 h.
750 526 780 565 l.
810 526 993 575 notam't,
1020 531 1068 565 vt
1089 531 1131 564 et
1156 524 1201 562 in
1229 524 1310 562 hoc
1335 523 1388 564 δὲ
1417 531 1584 563 exstare

250 581 456 622 videatur.

334 635 410 677 οὐκ
435 636 566 681 ἄλλως
596 635 818 681 πονοῦντες
845 635 875 686 ἢ
906 636 1309 693 ἀναλαμβάνοντες]
1347 635 1582 675 Athenaeus

253 691 327 731 lib.
349 692 453 731 xlv.
475 706 515 745 p.
538 693 632 732 630.
664 696 900 747 Πολεμικοὶ
921 693 963 732 δὲ
984 699 1091 735 εἰσὶν
1110 700 1154 734 οἱ
1173 696 1400 739 Auxume,
1431 684 1488 732 ὧν
1506 695 1584 730 καὶ

251 753 340 789 υἱοὶ
371 746 425 787 τοὶ
454 748 695 802 ἐμβατήρια
725 750 829 802 μέλη
856 749 1440 793 ΑΝΑΛΑΜΒΛΝΟΥΣΑ
1470 743 1552 786 dm
1537 760 1581 798 ρ

251 807 328 843 καὶ
355 803 531 845 ἐνόπλια
562 807 764 843 καλεῖται.
820 803 969 841 Sextus
993 804 1151 857 Empir.
1185 805 1355 842 Aduers.
1383 802 1582 841 Mathem.

251 859 322 898 Xl.
351 873 391 911 p.
414 871 506 910 709.
532 860 696 910 Τέχνας
718 874 759 898 τε
786 862 862 899 καὶ
890 859 1128 925 ἐπιστήμας
1158 858 1234 902 τοὶς
1269 857 1582 912 ἀκριβεστάτοις

250 915 862 956 ΑΝΑΛΑΜΒΑΝΟΤΣῙΝ
872 913 1019 966 ἄνδρες
1038 914 1090 955 οὐ
1102 919 1235 967 χωρὶς
1253 915 1473 954 ΠΟΝΟΥ.
1497 913 1583 950 Ρο-

249 970 395 1034 lybius
418 970 486 1008 ΙΙΙ.
519 971 557 1008 4.
597 969 700 1010 Οὔτε
728 984 811 1023 γαρ
844 971 1019 1023 πολεμεῖ
1043 976 1130 1014 τοῖς
1155 973 1288 1037 πέλας
1321 968 1450 1012 οὐδεὶς
1481 983 1582 1009 νουν

251 1026 357 1077 ἔχων
376 1021 510 1066 ’ἕνεκεν
529 1024 658 1066 αὐτοῦ
673 1041 747 1066 του
724 1025 1058 1079 καταγωνίσασ
1060 1028 1142 1066 9αι
1158 1041 1253 1069 τους
1276 1017 1582 1078 αντιταττομέ-

251 1095 367 1125 νους·
390 1079 481 1121 οὔτε
495 1084 591 1122 πλεῖ
604 1098 658 1121 τα
680 1080 838 1134 πελάγη
853 1080 990 1133 χάριν
1013 1081 1088 1122 τοῦ
1105 1080 1403 1145 περαιωθῆναι
1422 1079 1580 1143 μόνον·

251 1141 326 1177 καὶ
346 1153 434 1191 μην
461 1136 555 1177 οὐδὲ
584 1153 662 1181 τας
678 1138 901 1191 ἐμπειρίας
924 1139 1000 1176 καὶ
1032 1139 1181 1188 τέχνας
1203 1137 1332 1185 αὐτῆς
1359 1134 1480 1176 ἑνεκα
1510 1132 1582 1183 τῆς

250 1192 712 1256 επιστημηςΑΝΑΛΛ
716 1195 910 1234 ΜΒΛΝ
908 1194 983 1233 ΕΙ
998 1208 1152 1237 παντες
1164 1192 1206 1232 δὲ
1219 1191 1455 1243 πράττουσι
1467 1206 1582 1231 παν-

248 1264 304 1288 ‘ca
329 1263 463 1300 χαριν
484 1247 563 1291 τῶν
585 1249 889 1303 ἐπιγενομένων
915 1251 1005 1292 τοῖς
1022 1247 1093 1302 {oy
1096 1264 1159 1292 οις
1182 1245 1448 1287 ΗΔΕΩΝ’“
1420 1263 1446 1295 η
1466 1248 1579 1286 KA-

246 1303 438 1352 ΛΩΝὴ
461 1305 507 1343 Σ
507 1305 801 1346 ΥΜΦΕΡΟΝ
804 1304 948 1344 ΤΩΝ
973 1304 1037 1342 Ad
1058 1317 1179 1356 quem
1195 1303 1335 1342 locum
1348 1302 1578 1353 respexisse

247 1359 419 1398 videtur
431 1359 651 1423 Longinus.
663 1362 778 1408 Quae
789 1366 1033 1411 sequuntur,
1045 1372 1197 1397 vereor
1208 1364 1254 1396 vt
1267 1359 1363 1396 satis
1376 1370 1473 1395 sana
1483 1358 1581 1396 sint.

246 1414 487 1466 Legendum
510 1415 682 1467 opinor,
714 1420 753 1455 εἰ
769 1431 831 1469 μη
850 1416 1143 1455 ΠΛΟΥΤΟΥ
1168 1417 1244 1454 καὶ
1270 1409 1461 1462 ηόονῆς
1442 1427 1579 1453 ενεκα.

250 1472 348 1511 Non
375 1473 462 1510 alia
488 1471 537 1509 de
567 1486 696 1510 eausa
724 1472 953 1510 laborantes
981 1472 1046 1510 vel
1066 1471 1288 1524 quidquam
1305 1470 1578 1516 addiscentes,

249 1529 330 1564 nisi
359 1540 536 1565 chEnm
576 1535 617 1565 et
648 1528 868 1580 voluptatis
899 1530 1052 1580 gratia.
1108 1526 1230 1572 Quod
1262 1531 1303 1563 et
1323 1538 1463 1563 sensus
1492 1524 1578 1562 loci

246 1582 463 1633 postulare
494 1582 677 1622 videtur.
733 1582 887 1621 Noster
918 1596 1065 1634 supra,
1102 1581 1130 1630 ἡ
1153 1580 1238 1634 γάρ
1265 1581 1576 1621 ΦΙΛΟΧΡΗ-

249 1637 464 1677 MATIA
485 1641 562 1677 καὶ
581 1637 608 1686 ἡ
625 1636 982 1678 ΦΙΛΗΔΟΝῙΛ
997 1636 1322 1691 δουλαγωγοῦσι.
1361 1635 1576 1675 Plutarch.

163 1702 173 1706 ’
245 1692 291 1730 in
315 1692 573 1730 Alexandro:
605 1692 667 1732 Οὐ
695 1692 779 1744 γάρ
808 1694 1075 1734 ΗΔΟΝΗΝ
1101 1691 1233 1740 ζηλῶν
1266 1691 1357 1731 οὐδὲ
1380 1692 1574 1730 ΠΛΟΥ-

252 1749 295 1790 Ί
295 1749 396 1796 ON,
438 1747 524 1787 αλλ
556 1746 708 1801 ἅρπην
745 1750 819 1788 καὶ
853 1748 994 1796 δόξαν.
1052 1748 1178 1787 Marc.
1208 1747 1405 1785 Antonin.
1433 1746 1498 1785 111.
1533 1746 1573 1785 6.

245 1802 585 1852 Ἀντικαθησθαι
619 1817 703 1857 γαρ
737 1803 792 1853 τῷ
821 1805 976 1858 λογικῷ
1002 1808 1079 1844 καὶ
1111 1802 1316 1852 πολιτικῷ
1344 1801 1499 1856 α’γαθῷ
1524 1801 1576 1842 οὐ

245 1862 372 1913 θέμις
412 1858 503 1898 οὐδ’
539 1859 681 1900 ὁτιοῦν
717 1862 968 1912 ἑτερογενὲς,
1016 1859 1110 1900 οἷον
1139 1858 1212 1899 τόν
1250 1857 1374 1909 napo?
1408 1858 1574 1899 πολλῶν

243 1915 593 1964 EHAINON‚’
574 1931 601 1964 η
620 1916 939 1964 11AOTTON,
956 1916 983 1964 ὴ
977 1914 1573 1956 ΛΠΟΛΑΤΣΕῙΣΗΔΟ-

221 1976 225 1978 ’
243 1970 396 2010 NJZN.
454 1970 538 2017 Qui
560 1971 675 2009 locus
699 1971 922 2009 notandus:
951 1985 1049 2010 nam
1067 1971 1121 2009 ad.
1138 1976 1323 2008 nostlam
1343 1969 1573 2007 lectionem

242 2026 313 2064 vel
331 2025 455 2074 facit,
495 2026 566 2064 vel
587 2039 672 2064 non
690 2026 804 2064 facit.
836 2026 1031 2067 'lovr1vs.
1088 2025 1317 2064 Commode
1336 2023 1404 2062 vir
1424 2024 1572 2063 doctus

242 2081 337 2119 loca
365 2082 439 2119 illa
470 2081 522 2119 dc
553 2080 877 2145 ἀναλαμβανειν
912 2083 1127 2133 congessit.
1186 2080 1268 2119 Sed
1299 2080 1345 2117 in
1376 2080 1571 2118 omnibus

243 2136 431 2175 adiectus
450 2150 492 2174 es
476 2142 511 2174 t
530 2138 787 2176 accusatiuus
800 2167 811 2186 ‚
840 2152 964 2189 quem
983 2138 1053 2176 hic
1074 2136 1253 2175 maxime
1275 2135 1570 2176 desideramus.

242 2192 527 2230 Veruntamen
563 2200 746 2231 statuere
779 2207 1014 2244 possumus,
1051 2194 1178 2231 etiam
1217 2192 1305 2229 sine
1335 2191 1569 2229 accusatiuo

242 2248 343 2298 poni
370 2249 576 2298 potuisse,
617 2262 695 2300 pro
725 2249 900 2295 discere,
931 2249 1125 2300 quoniam
1161 2254 1202 2285 et
1230 2248 1274 2284 in
1302 2247 1394 2294 alssis
1415 2247 1569 2298 linguis

242 2302 343 2340 talia
365 2309 411 2341 vt
430 2310 580 2342 neutra
593 2310 862 2355 vsurpantur‚
886 2311 934 2342 vt
951 2305 996 2342 in
1016 2303 1160 2342 Latina
1179 2303 1261 2341 hoc
1279 2303 1414 2354 ipsum
1435 2303 1567 2340 disce-

242 2372 297 2396 re.
337 2356 557 2396 Praeclare
579 2365 621 2397 et
643 2362 821 2400 ἐπαίνου
842 2361 1015 2398 verbum
1036 2360 1070 2397 T
1074 2360 1221 2410 cupius
1241 2364 1476 2409 suspectum
1502 2358 1566 2395 fe-

244 2412 323 2461 eit,
349 2413 461 2464 quod
479 2427 603 2452 nemo
623 2414 667 2452 in
689 2414 860 2453 dubium
883 2421 1119 2454 vocauerat.
1165 2414 1348 2452 Eliciunt
1366 2413 1463 2451 inde
1487 2413 1566 2450 ali-⁴

240 2467 361 2519 quid,
402 2475 448 2507 vt
477 2482 561 2507 non
587 2470 781 2508 videatur
811 2471 1021 2518 alienum,
1059 2477 1104 2508 vt
1135 2470 1296 2508 Tollius
1326 2468 1564 2537 gloriolam,

238 2522 447 2562 Boilauius
474 2539 496 2562 ο
512 2529 783 2564 tentationem
810 2527 852 2581 (,
854 2542 987 2580 ‚pom
1015 2529 1129 2566 avoir
1160 2528 1240 2564 lieu
1263 2526 1311 2563 de
1334 2539 1435 2563 nous
1460 2539 1564 2562 van-

239 2584 323 2617 ter‘
324 2578 374 2632 ‘:)
397 2579 504 2618 sed
491 2593 535 2617 m
557 2581 717 2619 Graeco
740 2584 871 2621 verbo
891 2589 1030 2621 manet
1046 2581 1182 2633 aliqua
1204 2580 1384 2618 offensio.
1419 2578 1564 2617 Posset

237 2647 327 2686 ‘luls
340 2650 394 2689 Pr
395 2639 567 2676 aemcum
578 2637 854 2690 interp1etari
862 2668 878 2688 ,
908 2653 991 2692 quo
1010 2651 1133 2678 sensu
1155 2637 1267 2690 apud
1283 2635 1383 2675 alios
1409 2648 1560 2673 occur-
