1752 3118
326 259 409 304 234
609 251 830 305 NOTAE
869 260 948 308 AD
990 263 1076 304 DE
1120 265 1377 321 svamm.

323 371 649 418 interciktemnt:
668 386 765 417 nam
788 377 897 416 illud
917 377 1025 430 πρός
1044 376 1228 430 οὐρανόν
1251 381 1427 434 ἐξεμεῖν,
1458 374 1570 433 quod
1588 382 1659 420 vi-·

322 434 727 486 tuperat=Longinus‚
757 434 801 471 in
823 433 904 471 hoc
923 434 1018 473 loco
1037 448 1121 473 non
1140 443 1364 486 comparet.
1407 436 1560 475 Eadem
1589 438 1655 475 lo-

318 490 436 528 cutio
465 491 652 529 occurrit
681 489 789 542 apud
808 489 987 539 Attium,
1024 503 1146 543 quem
1170 491 1314 529 laudat
1344 491 1512 543 Cicero,
1557 493 1654 534 Nat&

320 543 446 583 Deor.
475 546 526 589 11.
556 546 622 585 35.
1393 587 1397 599 Ι
1583 566 1588 572 -

433 605 527 644 Aut
540 603 644 649 sbrte
668 604 810 641 Triton
821 601 996 654 fascina
1011 610 1193 641 mertens
1211 618 1366 656 specus,

429 659 573 696 subter
591 658 750 696 radices
765 660 928 709 penitas
952 658 1124 696 undanti
1146 660 1312 712 inst-eto

434 716 587 753 Molem
607 729 655 751 ex
668 714 869 765 profando
889 728 1052 752 saxeam
1081 715 1147 753 ad
1173 717 1375 754 coelam
1403 718 1611 754 euomit.

316 769 385 809 Ad
408 782 530 821 quem
556 769 694 807 locum
720 768 997 806 consulendus
1025 769 1233 811 Dauisius.
1266 771 1301 808 T
1303 785 1465 810 ovmvs.
1527 771 1649 816 Quod

315 825 362 864 in
381 838 508 863 versu
528 837 552 863 2
584 823 837 874 Musgrauius
870 822 1007 876 ψόλον
1035 825 1184 876 reponi
1221 826 1360 864 voluit
1389 839 1465 877 pro
1496 824 1650 879 μόνον,

314 880 362 918 id
386 887 447 918 est
472 893 568 917 sane
586 879 814 930 elegantius
839 884 880 916 et
901 880 1042 917 versui
1062 881 1236 930 praebet
1256 881 1415 933 aliquid
1432 882 1553 930 lucis,
1575 882 1649 920 sed.

313 935 468 974 nititur
498 935 742 973 coniectura
764 934 934 971 minime
961 935 1198 977 verisimili.

400 994 531 1031 Μίαν
569 989 809 1042 παρείρας]
847 988 932 1027 Cur
962 1004 1084 1028 onam
1108 991 1271 1041 potius,
1325 1005 1450 1043 quam
1473 994 1646 1046 Plures?

313 1044 440 1097 Lege:
747 1085 751 1088 ,
1323 1068 1325 1072 ⁴

396 1103 490 1149 Βίᾳ
520 1103 731 1155 παρείρας
759 1099 995 1150 πλεκτάνην
1018 1100 1296 1156 χειμάρῥοον.
1345 1100 1642 1142 ΒνΗΝΚΕΝινε.

310 1152 425 1195 Illud
445 1161 556 1211 μίαν
581 1163 642 1195 est
661 1156 893 1194 insolenter
915 1170 958 1194 se
977 1157 1188 1205 iactantis,
1226 1158 1298 1196 vel
1330 1170 1383 1195 ex
1417 1171 1498 1194 vna
1527 1158 1643 1194 scin-

309 1206 406 1251 tilla
423 1213 512 1251 siue
536 1213 704 1251 flamma
722 1225 765 1249 se
791 1212 1060 1263 conglobatos
1077 1213 1191 1264 ignes
1208 1213 1310 1252 flatu
1334 1226 1404 1250 suo
1429 1213 1641 1251 excitatu-

306 1281 419 1317 rum,
448 1278 526 1320 quo
545 1269 660 1320 quasi
680 1268 763 1306 reti
784 1268 976 1306 inuoluat
997 1268 1180 1306 domum.
1249 1269 1323 1307 Vir
1343 1268 1491 1306 doctus
1508 1269 1552 1306 in
1568 1267 1641 1306 Bi-

307 1323 750 1375 blioth.=Phi1010gica
780 1323 1017 1361 Volborthii
1045 1324 1140 1363 Vol.
1165 1323 1194 1362 I.
1230 1338 1273 1376 p.
1305 1325 1381 1362 104
1407 1337 1439 1365 s,
1461 1323 1512 1360 de
1538 1323 1579 1362 h.
1609 1325 1639 1363 l.

305 1379 388 1417 ita:
418 1409 443 1428 ‚,
479 1379 565 1418 Cel.
589 1378 756 1417 Ruhnk.
777 1392 855 1430 pro
873 1381 984 1432 μίαν
1002 1379 1104 1430 legit
1123 1383 1225 1432 βίᾳ,
1265 1385 1509 1430 propterea,
1539 1380 1638 1429 quia.

305 1435 541 1484 πλεκτάνην
564 1435 614 1473 de
624 1437 804 1485 flamma
826 1434 998 1486 accepit.
1038 1434 1206 1472 Mallem
1226 1447 1329 1472 vero
1350 1434 1401 1472 de
1419 1434 1636 1472 volumine

303 1493 434 1540 venti,
463 1491 629 1530 turbine
649 1490 853 1542 accipere,
881 1496 929 1528 vt
949 1489 1163 1541 Aristoph.
1180 1491 1254 1528 Au.
1281 1491 1400 1541 1714.
1421 1489 1634 1538 πλεκτάνη

304 1548 503 1595 καπνοῦ,
534 1548 716 1599 qolumen
726 1547 850 1599 ficmi.
881 1545 949 1583 Sic
968 1546 1196 1584 verborum

413 1606 474 1644 Εἰ
494 1601 575 1656 γάρ
594 1600 669 1642 τιν’
688 1600 907 1651 ἑστιοῦχον
926 1601 1103 1655 ὄψομαι
1123 1599 1263 1656 ψόλον
1279 1601 1419 1652 (vulgo
1429 1599 1586 1655 μόνον)

415 1662 547 1700 Μίαν
569 1661 781 1710 παρείρας
801 1655 1035 1706 πλεκτάνην
1050 1672 1167 1712 χειμ.
1191 1664 1271 1696 etc.

301 1728 443 1753 sensus
468 1714 552 1752 erit
572 1713 809 1765 aptissimus
826 1712 916 1751 hic:
947 1715 993 1752 Si
1010 1715 1229 1752 scintillam
1248 1714 1454 1766 quandam
1475 1715 1520 1751 in
1526 1713 1631 1765 jbco

297 1772 449 1817 videm,
476 1771 694 1808 ‘immittam
715 1782 837 1807 vnum
857 1768 1076 1809 turbinem..-
1102 1772 1163 1807 sic
1183 1769 1363 1807 scintilla
1387 1777 1563 1821 erumpet
1584 1773 1631 1807 in

298 1831 459 1880 ignem,
489 1834 529 1864 et
550 1827 690 1864 domu-9
714 1825 978 1864 comburetur.
1030 1824 1259 1863 Confirmat
1278 1830 1463 1862 nostram
1493 1825 1629 1862 inter-

295 1883 575 1934 pretationem
600 1888 641 1919 et
662 1880 741 1935 hoc
754 1910 765 1929 ‚
802 1879 914 1931 quod
938 1879 1089 1918 Boreas
1117 1880 1219 1918 haec
1241 1879 1394 1918 inflatis
1416 1880 1529 1931 genis
1559 1887 1627 1918 at-

296 1951 376 1989 que
395 1938 500 1975 adeo
521 1937 689 1975 iamiam
712 1936 973 1974 immissurus
990 1942 1161 1974 ventum
1186 1936 1313 1983 dixit,
1345 1941 1387 1972 et
1407 1936 1514 1986 quod
1529 1951 1626 1987 χει..

295 1992 493 2048 μάῤῥοον
513 1999 574 2031 est
595 1992 830 2044 epitheton,
864 1991 974 2042 quod
999 1998 1124 2029 vento
1147 1990 1362 2038 conuenit,
1399 2003 1485 2028 non
1502 1991 1629 2029 flam-

292 2054 433 2087 mae.“
500 2048 589 2087 Hoc
624 2054 848 2099 propterea
876 2048 1057 2085 maxime
1085 2060 1171 2085 non
1198 2047 1295 2087 satis
1324 2046 1486 2097 placet,
1528 2047 1624 2099 quia

292 2112 442 2143 ventus
461 2117 539 2155 per
560 2117 603 2142 se
621 2117 707 2141 non
727 2102 914 2141 occurrit
930 2103 975 2140 in
994 2103 1148 2142 oculos.
1206 2102 1340 2140 Aliter
1353 2115 1394 2139 se
1412 2116 1478 2140 res
1497 2102 1626 2141 habet

289 2161 336 2199 in
354 2161 471 2199 fumo
498 2167 538 2198 et
557 2160 663 2211 igne,
692 2159 808 2197 cuius
825 2157 1058 2207 πλεκτάνην
1078 2158 1203 2197 facile
1223 2158 1315 2211 quis
1334 2158 1472 2196 animo
1496 2158 1622 2196 effin-

291 2224 361 2269 gat
380 2223 423 2254 et
442 2216 521 2254 sibi
539 2223 634 2253 ante
655 2215 801 2253 oculos
822 2221 961 2266 ponat.

371 2270 480 2325 πρὸς
511 2270 673 2324 αὐγάς]
716 2270 909 2308 Timaeus
934 2270 1004 2310 ὑπ’
1040 2269 1176 2324 αὐγάς
1215 2270 1535 2321 interpretatur:

288 2327 375 2369 ὑπό
393 2327 468 2368 τόν
490 2329 814 2382 πεφωτισμένον
833 2324 955 2378 ἀέρα.
1002 2326 1063 2364 Ibi
1085 2326 1378 2364 Ruhnkem'us:
1410 2325 1619 2378 „Elegans

287 2383 491 2436 loquendi
509 2383 692 2421 formula
704 2412 714 2430 ‚
743 2379 848 2421 ἰδεῖν
865 2396 906 2420 τι
925 2381 994 2422 ὑπ’
1015 2381 1151 2436 αὐγάς
1159 2413 1173 2430 ,
1216 2382 1340 2419 ducta
1367 2382 1417 2420 ab
1442 2382 1616 2420 emtori·-

286 2441 386 2488 bus‘,
426 2440 562 2478 latens
598 2437 726 2491 panni
761 2437 912 2475 vitium
948 2438 1002 2477 ad
1030 2440 1151 2477 solem
1178 2437 1517 2490 explorantibus:
1548 2437 1623 2475 cui*

287 2499 487 2536 Ernestus
506 2494 620 2533 Clau.
641 2493 725 2532 Cic.
748 2493 856 2530 bene
881 2501 1094 2546 comparat
1115 2494 1353 2547 εἰλικρινὲς,
1385 2493 1472 2531 siue
1504 2493 1615 2544 quod

286 2552 337 2590 ad
371 2553 484 2601 εἵλην
512 2556 764 2602 spectatum,
813 2561 969 2599 purum
1001 2550 1225 2601 reperitur.
1240 2555 1264 2575 “
1302 2548 1540 2586 Notandum
1572 2555 1615 2586 et

285 2607 397 2659 quod
416 2602 651 2645 Hemsterh.
669 2604 839 2643 ibidem:
862 2634 885 2655 7,
897 2606 1064 2654 Medici,
1077 2611 1101 2630 “
1133 2606 1290 2657 inquit,
1321 2604 1615 2655 „distinguunt

284 2662 354 2704 ὐπ’
372 2662 511 2716 αὐγήν
531 2669 573 2702 et
593 2659 702 2716 πρός
721 2658 875 2713 αὐγήν,
896 2670 943 2702 vt
954 2661 1132 2701 ostendit
1151 2660 1354 2714 Hippocr.
1373 2658 1463 2700 κατ’
1490 2659 1608 2713 Ἰητρ.
