1752 3118
324 281 524 316 cxxvm
594 259 1140 314 -DISSERTATIO
1178 261 1505 311 CRITICA

323 402 374 439 vt
391 388 511 436 mihi
535 387 755 446 videtur,⁴
785 400 975 434 causam
1001 386 1100 434 eius
1122 403 1221 434 non
1243 386 1497 434 commode
1526 387 1637 449 agit,

324 469 478 503 tamen
506 456 716 518 reliqua
705 453 850 518 lpsius
871 442 1125 517 disputatio
1149 471 1246 501 non
1264 453 1364 501 sine
1388 455 1550 501 fiuctu
1573 455 1641 500 le

322 523 477 586 gitur3
523 539 689 585 quam,
736 519 961 584 quoniam
998 534 1140 583 caput
1171 538 1196 566 a
1225 521 1362 567 nohis
1391 533 1641 567 mactatum

324 589 529 653 attingit,
567 591 655 634 hac
687 586 1045 651 opportunitate
1069 587 1139 634 vsi
1167 587 1336 635 merita
1364 604 1475 635 cum
1498 585 1641 634 laude

324 653 803 704 commemorandam
828 653 1112 716 putauimus

423 723 498 770 De
519 721 725 769 auctoris
746 734 902 768 autem
927 720 1106 766 ratione
1128 719 1226 768 hoc
1249 718 1424 768 addere
1438 740 1536 769 non
1555 719 1644 769 du-

322 789 550 849 bitamus,
603 787 859 835 commodo
889 801 1053 835 nostro
1090 787 1158 834 sic
1195 788 1438 847 euenisse,
1483 802 1534 834 vt
1561 788 1643 835 ille

323 875 423 904 non
453 855 617 913 εει-115,
655 853 707 901 id
745 870 842 914 est,
877 853 1082 915 angustis
1110 855 1281 901 finibus
1313 855 1406 903 vim
1430 854 1643 902 sublimi·

323 923 428 971 tatis
462 922 759 981 terminaret,
795 921 1018 984 quoniam
1045 921 1112 968 sic
1144 922 1313 969 maiori
1343 922 1566 970 varietate
1592 921 1642 968 in

317 989 527 1053 legendo
552 988 866 1045 delectamur,
902 1001 950 1033 et
977 987 1038 1032 de
1061 988 1223 1035 multis
1245 1006 1341 1035 non
1357 988 1641 1036 sublimibus

323 1054 547 1119 quidem,
592 1053 677 1101 sed
707 1068 863 1102 tamen
897 1053 1097 1116 egregiis
1130 1068 1176 1101 et
1206 1054 1468 1116 insignibus
1503 1053 1641 1101 dictis

321 1123 613 1187 optimorum
648 1121 934 1184 scriptorum
975 1120 1158 1185 elegans
1190 1121 1349 1185 magni
1379 1120 1531 1169 critici
1561 1138 1643 1169 co-

320 1189 593 1253 gnoscimus
619 1187 862 1236 iudicium.

801 1321 841 1369 C
881 1321 921 1369 A
954 1320 1006 1368 P.
1074 1318 1164 1368 III.

323 1423 575 1468 EXAMEN
613 1432 1011 1468 SINGVLORVM
1049 1430 1428 1475 QVORVNDAM
1453 1432 1641 1467 LOCO-

324 1502 447 1539 RVM
480 1499 738 1536 SVMMAM
771 1499 1140 1540 ARGVMENTI
1164 1500 1238 1533 ET
1262 1498 1482 1535 PARTES
1506 1501 1642 1536 EIVS

738 1565 1232 1603 ATTINGENTIVM.

420 1747 643 1796 Sectione
668 1750 717 1806 6,
745 1747 826 1796 vbi
845 1764 1107 1814 anonymus
1129 1759 1294 1814 noster
1313 1745 1373 1794 ad
1396 1745 1643 1794 declaran-

323 1814 434 1863 dam
466 1832 602 1864 verae
634 1814 930 1861 sublimitatis
959 1830 1174 1862 naturam
1196 1814 1382 1875 transit,
1419 1827 1525 1860 ante
1551 1814 1644 1861 alla

320 1882 417 1930 hoc
438 1881 673 1944 agendum
696 1899 795 1929 esse
818 1881 957 1939 dicit,
993 1896 1044 1929 vt
1062 1898 1198 1929 verae
1218 1880 1515 1928 sublimitatis
1539 1882 1643 1928 cla-

320 1967 421 1997 ram
448 1949 695 1997 notionem
734 1949 928 2012 eiusque
958 1948 1238 1996 iudicandae
1273 1948 1542 1995 facultatem
1569 1965 1644 1995 ac·-

322 2017 588 2080 quiramus·
626 2028 674 2062 et
710 2015 866 2063 addit.
901 2015 1095 2063 Καίτοι
1122 2019 1181 2063 τὸ
1218 2015 1437 2077 πρᾶγμα
1461 2013 1642 2079 δύςλη-

318 2098 472 2131 πτον’
507 2083 541 2147 ἠ
565 2086 664 2146 γάρ
689 2083 790 2146 τῶν
810 2081 974 2143 λόγων
1000 2082 1164 2148 κρίσις
1185 2082 1376 2146 πολλῆς
1406 2084 1512 2129 ἐστι
1533 2081 1641 2129 πεί-

319 2169 413 2212 ρας
447 2151 558 2198 τελε
540 2156 745 2197 evvatov
778 2147 982 2210 ἐπιγὲνι
986 2169 1118 2215 ημα,
1160 2149 1206 2196 h.
1245 2166 1282 2195 e.
1317 2152 1406 2195 sed
1450 2167 1531 2195 res
1568 2159 1642 2196 est

318 2220 557 2279 difficilis:
587 2235 704 2264 nam
723 2221 959 2264 Orationis
978 2220 1272 2264 zzcdzcandae
1277 2218 1507 2277 facultas
1523 2234 1642 2263 osus

318 2287 542 2331 diuturni
567 2288 763 2332 vltimus
783 2288 1077 2345 estfructus.
1128 2283 1222 2330 Hic
1249 2282 1404 2347 primo
1424 2282 1460 2347 ἤ
1477 2282 1576 2330 τῶν
1594 2283 1639 2329 λ.

320 2350 485 2413 ’κρίσις
505 2369 602 2414 quo
625 2369 766 2397 sensu
788 2350 987 2409 dicatur,
1004 2350 1157 2399 ‘videri
1178 2363 1336 2415 potest
1348 2349 1637 2412 ambiguum.

319 2416 443 2464 Nam
477 2418 558 2481 qui
581 2434 678 2463 non
710 2418 853 2466 totius
875 2417 987 2464 libri
1011 2435 1209 2483 scopum
1240 2429 1348 2464 ante
1370 2416 1535 2463 oculos
1556 2416 1641 2464 ha-

325 2483 434 2545 bet,
470 2498 552 2530 aut
568 2502 663 2531 non
690 2485 911 2547 attendit,
948 2484 1195 2549 quomodo
1220 2499 1347 2532 totus
1370 2485 1506 2531 locus
1527 2501 1637 2530 cum

319 2563 427 2597 ante
460 2549 598 2597 dictis
625 2565 671 2597 ct
697 2553 1092 2616 consequentibus
1122 2552 1400 2612 cohaereat,
1436 2551 1476 2597 is
1502 2550 1640 2597 facile

323 2615 502 2677 credit,
559 2617 761 2682 intelligi
801 2619 972 2666 debere
989 2623 1290 2682 facultatem
1324 2622 1417 2666 rite
1458 2621 1640 2664 distin—

317 2689 505 2747 guendi
531 2686 782 2734 sublimem
811 2690 1069 2735 dictionem
1093 2707 1125 2737 a
1153 2690 1340 2748 media,
1375 2689 1585 2733 mediam
1607 2704 1640 2733 a
