1752 3118
329 307 516 350 mm
582 283 1114 348 DisSERTATm
1149 299 1246 348 DE
1281 298 1471 348 VITA

330 422 629 472 scribenduin
649 422 903 480 Ἀλβίνου.
935 423 1148 472 Albinus
1164 457 1178 482 ‚
1197 421 1515 486 philosophus
1529 424 1644 472 Pla-

327 493 544 551 tonicus,
590 490 673 555 qui
716 490 859 553 vulgo
905 491 1027 536 male
1071 491 1311 538 Alcinous
1346 491 1641 555 appellatur,

331 558 530 620 Origeni
557 557 677 606 viam
705 558 885 620 praeite
911 556 1069 620 potuit
1094 555 1155 602 ad
1190 557 1437 604 Platonem
1471 558 1644 605 intelli-

328 625 556 690 gendum,
600 624 779 688 quippe
804 637 948 670 aetate
971 623 1188 689 superioi
1215 623 1448 686 Origene,
1484 625 1642 673 etiam

329 692 515 739 Galeno
534 691 596 737 de
618 690 754 737 libris
775 691 897 749 suis,
931 688 1072 736 Tom.
1100 689 1188 737 IV.
1212 708 1255 754 p.
1279 692 1388 749 572.
1412 690 1638 739 laudatus.

328 758 444 806 Eius
476 757 656 822 duplex
684 769 806 804 extat
834 757 1050 816 libellus,
1108 773 1315 821 quorum
1350 758 1466 804 altel
1497 758 1643 807 tradit

329 829 572 882 ordinem,
598 842 693 887 quo
713 826 934 871 Platonis
952 827 1141 885 dialogi
1161 826 1356 886 legendi
1374 827 1497 884 sint,
1523 825 1642 872 alter

327 895 591 954 Epitomen
634 893 888 937 doctrinae
929 893 1164 938 Platonis.
1237 892 1447 938 Priorem
1481 905 1642 939 nostra

327 958 521 1005 demum
541 970 688 1005 aetate
709 956 907 1020 protulit
918 955 1163 1004 Fabricius
1186 956 1403 1004 Bibl.Gr.
1421 957 1561 1005 Toni.
1575 958 1639 1006 ΙΙ.

323 1043 372 1090 p.
396 1028 474 1071 44.
508 1040 652 1087 quem
682 1022 843 1084 adeat,
881 1021 964 1087 qui
996 1022 1054 1070 de
1081 1022 1260 1070 Albino
1289 1024 1427 1089 plura
1458 1042 1641 1090 cogno-

325 1107 458 1139 scere
481 1091 605 1140 velit.
1627 1105 1643 1111 ’

882 1201 920 1264 §
955 1199 1091 1248 Vm.

423 1292 675 1356 Longinus
703 1309 844 1351 vero,
880 1309 987 1338 cum
1021 1289 1166 1336 iustas
1201 1288 1444 1339 doctrinae
1476 1291 1638 1357 copias

320 1374 370 1409 et
401 1377 427 1407 a
452 1359 685 1422 magistris
714 1356 1075 1415 AlexandriniS,
1110 1369 1158 1403 et
1184 1358 1240 1404 ab
1276 1358 1400 1419 aliis,
1438 1376 1558 1423 quos
1586 1359 1638 1408 in

319 1426 701 1492 peregrinatione
722 1424 955 1485 audierat,
983 1440 1171 1469 summo
1191 1425 1282 1471 sibi
1302 1426 1460 1473 studio
1482 1443 1639 1493 paras-

317 1508 414 1553 set,
450 1511 526 1540 eas
546 1492 776 1554 Athenis,
810 1491 896 1538 vbi
909 1504 1046 1538 natus
1067 1489 1390 1567 educatusque
1408 1508 1520 1553 erat,
1555 1509 1636 1540 ex·-

316 1554 496 1625 plicare
526 1559 753 1617 instituit,
811 1557 1113 1620 docuitque
1101 1575 1298 1606 1uuenes
1329 1559 1447 1608 haec
1481 1558 1636 1607 studia

317 1628 610 1675 aemulantes
629 1639 754 1675 tanta
775 1624 1042 1673 assiduitate
1055 1660 1070 1686 ,
1112 1625 1188 1672 vix
1207 1640 1256 1675 vt
1278 1625 1322 1673 ei
1343 1639 1530 1691 tempus
1557 1645 1635 1674 su..

314 1709 527 1759 peresset
551 1692 612 1741 ad
640 1691 893 1741 condenda
919 1691 1217 1754 eloquentiae
1239 1710 1350 1739 suae
1369 1694 1635 1741 monimen-

314 1775 386 1821 ta,
420 1761 461 1808 si
490 1777 600 1810 vera
635 1760 776 1808 nobis
807 1773 968 1806 narrat
997 1758 1198 1806 loannes
1231 1760 1455 1808 Siceliota
1485 1760 1634 1808 Com-

311 1827 544 1876 mentario
569 1827 706 1875 MS?
693 1846 744 1875 m
769 1827 869 1875 He1
872 1843 1123 1889 mogenem
1142 1830 1258 1891 περὶ
1276 1825 1446 1874 ιδεῶν·
1483 1827 1511 1874 ὁ
1530 1829 1631 1891 μὲν

309 1898 410 1957 γάρ
431 1896 685 1956 Λογγῖνος
707 1897 824 1957 περὶ
850 1896 910 1941 τι)
933 1872 1222 1942 διδάσκειν
1223 1892 1390 1955 μόνον
1412 1897 1624 1956 ἐνασχο-

307 1961 586 2023 λούμενος,
618 1965 713 2009 καὶ
744 1964 862 2023 περὶ
892 1963 951 2007 τὸ
977 1959 1198 2026 γράφειν
1220 1962 1417 2018 τελείας
1435 1960 1628 2010 ὑποθέ-

308 2044 411 2086 σεις
429 2028 531 2076 οὐκ
548 2029 676 2091 ἔχων
694 2031 896 2092 καιρὸν,
916 2030 975 2075 τὸ
994 2029 1085 2093 τῆς
1105 2028 1325 2094 Ὁμήρου
1347 2029 1424 2089 (Il.
1445 2028 1480 2075 Ι.
1497 2030 1627 2092 525.)

305 2094 575 2144 πέπονθεν
610 2095 851 2160 ὄρνιθος,
907 2094 1269 2157 λιμώττουσαν
1315 2100 1438 2152 τούς
1478 2114 1625 2144 νεοτ-

306 2167 431 2219 τους
461 2160 679 2226 τρέφειν.
729 2161 788 2210 de
818 2180 916 2227 quo
947 2163 1059 2210 loco
1093 2180 1203 2210 mox
1230 2161 1366 2228 pluia
1397 2162 1623 2211 dicemus.

303 2227 403 2277 Hic
430 2229 529 2277 eius
557 2228 808 2293 disciplina
838 2238 949 2277 vsus
979 2244 1048 2277 est
1075 2229 1322 2292 Malchus,
1358 2229 1504 2278 domo
1528 2231 1624 2297 Ty-

303 2297 428 2358 rius,
465 2296 599 2343 cuius
622 2296 827 2362 patrium
853 2314 1055 2356 nomeu,
1092 2297 1285 2344 Graecis
1306 2298 1498 2345 auiibus
1519 2315 1621 2345 mo-

300 2363 498 2424 lesum),
538 2360 826 2426 Longinus
814 2381 862 2409 m
892 2363 1193 2428 Πορφύριος
1219 2365 1447 2424 mutauit,
1489 2365 1617 2413 forte

299 2428 630 2508 Aiistotelem,
667 2430 750 2494 qui
786 2447 843 2476 ex
873 2429 1104 2497 Tyrtamo
1129 2433 1305 2479 fecerat
1330 2432 1620 2497 Theophia-

300 2509 456 2558 stum,
485 2497 713 2545 imitatus.
779 2496 1021 2561 Eunapius
1052 2498 1104 2545 in
1133 2499 1366 2582 Porphyr
1401 2518 1506 2583 pag.
1543 2503 1615 2547 15.

297 2563 513 2626 ΆΙάλχος
535 2562 590 2612 δὲ
606 2566 749 2612 naz-d
770 2563 1064 2629 τήνΣύοων
1085 2564 1186 2614 πό)
1189 2586 1239 2614 ιν
1263 2567 1291 2614 ὁ
1312 2565 1615 2646 Πορφύριος

296 2633 533 2680 ἐκαλεῖτο
558 2625 625 2679 τοὶ
653 2631 843 2694 πρῶτα.
878 2632 1035 2680 τοῦτο
1059 2631 1115 2681 δὲ
1138 2632 1362 2683 δύναται
1383 2631 1573 2692 βασι)’
1551 2652 1613 2682 εει

294 2695 472 2759 λέγειν.
515 2697 821 2766 Πορφύριον
839 2697 893 2747 δὲ
914 2699 1079 2750 αΰτύν
1097 2700 1333 2769 ὠνόμασε
1346 2703 1612 2763 Λογγῖνος,
