1752 3118
236 314 324 366 'IN
356 313 665 367 FR-ONTE
698 313 1043 366 LONGINI.
1114 319 1355 373 'cxxxxnt

41 441 126 491 Sic
165 443 391 499 clamant,
438 440 507 488 sic
543 440 914 500 calumniantur,
974 440 1057 504 qui
1088 439 1203 489 Tibi
1234 446 1356 492 male

42 510 255 574 cupiunt.
321 507 578 555 Enimuero
611 508 973 556 calumniatores
1014 507 1086 553 illi
1114 509 1355 568 nesciunt,

43 591 123 625 aut
144 575 323 623 nesciie
344 590 394 621 se
413 568 636 622 simulant
648 610 675 653 ’.
698 575 911 638 ingentes
932 573 1079 620 Tibi
1067 574 1158 638 ipsi
1176 590 1357 623 sumtus

41 639 385 707 impendendos
420 659 545 703 esse,
579 656 630 691 vt
661 643 711 689 in
741 642 985 690 liteiarum
1015 642 1249 688 bonarum
1269 642 1360 690 vti-

41 711 217 758 litatem
250 725 376 755 nunc
411 709 674 757 rarissimos
697 708 875 770 libros,
918 706 1000 772 qui
1030 724 1087 754 ex
1113 707 1189 754 his
1220 708 1357 756 terris

41 775 227 824 dudum
249 790 567 852 euauuerunt,
590 776 639 822 in
653 775 954 823 Germaniam
974 774 1206 833 retrahas,
1228 793 1358 823 nune

37 834 428 908 praestantissima
448 861 501 890 ac
522 841 903 906 splendidissima
928 857 1097 904 opeia,
1135 858 1256 905 quae
1278 858 1360 889 ex-

41 923 169 958 terae
191 910 490 986 multumque
517 909 707 956 dissitae
733 910 950 972 regiones
980 908 1153 955 nostris
1176 922 1360 972 tempo-

41 976 208 1024 ribus
196 995 245 1023 m
267 976 427 1024 lucem
450 975 693 1040 publicam
713 978 956 1036 emittunt,
992 973 1181 1038 Lipsiae
1201 973 1358 1022 doctis

39 1041 339 1104 hominibus,
380 1061 584 1108 quorum
617 1043 665 1090 in
698 1060 866 1091 manus
899 1013 1009 1089 T'ua
1038 1043 1174 1091 vnius
1214 1058 1360 1106 opera

41 1110 354 1174 perueniunt,
396 1110 577 1158 venalia
601 1127 819 1173 exponas,
889 1108 1010 1170 Sed,
1058 1106 1191 1172 quod
1215 1109 1360 1171 longe

40 1176 231 1224 maioris
255 1176 487 1224 momenti
515 1190 612 1237 est,
647 1176 828 1223 librarii
849 1190 1080 1223 mercatus
1098 1174 1360 1222 rationibus

41 1242 228 1290 adiutus
260 1243 498 1306 reperisti,
542 1258 640 1307 quo
686 1257 733 1289 et
763 1254 919 1290 totum
944 1239 1070 1288 illud
1102 1241 1363 1288 calumniae

41 1326 190 1373 genus
212 1328 239 1357 a
258 1308 333 1356 Te
354 1308 618 1373 depelleres
645 1322 693 1356 et
711 1326 814 1357 rem
831 1308 1083 1367 litei-ariam
1104 1307 1154 1355 in
1175 1308 1364 1356 vniuer-

44 1393 151 1424 sum
177 1392 371 1441 augeres
402 1375 837 1441 constabiliresque.
871 1375 980 1452 Ipse
999 1375 1181 1423 scilieet
1200 1385 1366 1423 auctoae‘

43 1459 119 1491 res
151 1443 433 1503 nonnullos,
491 1461 613 1508 quos
649 1460 761 1491 cum
790 1443 988 1490 maxime
1019 1441 1278 1490 desiderati
1316 1454 1365 1490 et

44 1508 258 1558 studiose
285 1509 464 1573 requiri
498 1528 524 1556 a
560 1507 716 1556 doctis
747 1509 1020 1558 hominibus
1049 1508 1365 1572 intelligeres,

44 1576 278 1625 sumtibus
300 1575 419 1625 Tuis
441 1574 600 1626 denuo
631 1576 804 1623 iussisti
829 1576 952 1642 typis
973 1575 1197 1634 exscribi,
1234 1573 1367 1621 addi-

44 1642 134 1702 ιίε,
168 1642 341 1707 quibus
362 1640 697 1705 splendescere
719 1643 927 1705 possint,
966 1640 1254 1689 ornamentis
1279 1658 1366 1687 noa

44 1710 114 1756 vis
147 1709 204 1755 ab
239 1707 476 1755 editorum
508 1706 776 1755 eruditione
809 1722 855 1756 et
876 1708 1002 1755 varia
1023 1709 1231 1756 lectione
1256 1724 1367 1771 pro-

45 1776 192 1823 fectis,
258 1774 341 1822 Sic
378 1791 533 1838 nuper
562 1773 824 1823 admodum
846 1774 1097 1822 Michaelis
1123 1774 1368 1823 Maittairii

46 1842 223 1890 librum
245 1841 306 1888 de
329 1842 517 1904 linguae
543 1841 754 1889 Graecae
774 1841 985 1890 dialectis
1009 1844 1197 1895 Sturzii
1216 1840 1367 1887 nostri

49 1910 174 1957 euris
208 1907 428 1957 secundis
465 1909 650 1972 egregie
677 1909 976 1974 perpolitum
1000 1922 1046 1957 et
1071 1907 1369 1985 collocuple-

49 1990 192 2024 tatum
218 1977 386 2023 iterum
406 1974 633 2039 prodir'e
620 1977 793 2023 iussisti
803 2013 820 2036 ,
856 1975 1042 2024 adiecto
1063 1993 1176 2027 mox
1195 1973 1369 2038 insigni

52 2042 114 2090 de
157 2042 360 2091 dialecto
388 2041 697 2090 Macedonica
731 2043 1093 2108 supplemento,
1137 2041 1306 2089 itidem
1340 2057 1367 2087 e

50 2110 254 2171 Sturzii,
289 2109 396 2157 Viri
425 2108 766 2171 Eruditissimi‚
810 2127 940 2173 penu
964 2108 1229 2174 depromto.
1284 2107 1368 2155 Sic

53 2177 100 2224 in
124 2177 279 2224 animo
297 2175 411 2223 Tibi
431 2193 556 2239 esse,
588 2176 764 2225 Dionis
776 2176 944 2238 Cassii,
977 2189 1086 2241 post
1103 2175 1260 2240 magni
1280 2173 1373 2221 Fa-‘

15 2246 17 2249 ’
53 2243 195 2292 bricii
214 2258 261 2291 et
280 2242 482 2290 Reimari
504 2261 638 2290 curas
659 2243 828 2307 plane
816 2244 1037 2305 lacentis,
1060 2256 1106 2291 et
1125 2239 1369 2306 Euripidis

57 2309 467 2358 desideratissimas
505 2309 735 2358 editiones
772 2310 1025 2370 instruere,
1082 2326 1179 2357 non
1211 2309 1371 2356 solum

56 2376 202 2426 fando
227 2378 518 2442 accepimus,
555 2375 640 2426 sed
672 2378 986 2440 cognouimus
1013 2377 1152 2424 etiam
1178 2392 1204 2423 e
1223 2375 1369 2422 literis

59 2444 327 2523 amicissimi
354 2415 603 2507 Matthiae,
640 2444 723 2509 qui
751 2445 801 2491 in
822 2443 1050 2509 Euripide
1079 2441 1370 2491 recensendo

60 2513 153 2559 iam
179 2525 367 2559 strenue
395 2509 615 2571 desudat,
650 2529 786 2572 m,ox
822 2512 1043 2559 absoluto
1067 2523 1236 2576 opere,
1274 2525 1372 2556 om-

63 2579 219 2641 nium,
255 2578 338 2642 qui
361 2579 410 2625 in
433 2577 507 2624 his
530 2596 693 2644 sapere
714 2548 948 2640 videntur,
985 2579 1101 2626 feret
1129 2576 1372 2638 suffragia.

163 2645 322 2710 Atque
366 2646 428 2691 ita
469 2644 674 2708 Longini
707 2663 901 2711 quoque
944 2660 1054 2710 post
1088 2645 1290 2692 aliorum
1325 2655 1373 2687 et

65 2714 219 2778 Mori,
257 2712 531 2778 Toupiique
557 2730 689 2761 curas
718 2714 1057 2762 recentissimas
1079 2728 1255 2759 nouam
1278 2706 1374 2757 edi-
