1752 3118
272 279 549 330 LONG‘INI
579 269 662 319 'DE
700 276 866 318 svnt„
903 277 1075 317 secr.
1109 278 1175 344 ¹¹.¹·
1347 293 1397 323 ιι

74 395 450 461 obrutapotiuS,
486 405 631 457 quam
647 389 708 439 ad
728 388 1101 456 percellendum
1136 390 1402 453 horrenda,

76 486 379 551 singulisque
425 481 727 541 examinatis,
783 494 1082 529 contemtum
1128 497 1403 545 propemo-

79 577 198 626 dum
232 576 312 643 fit,

79 667 118 715 si
150 663 201 711 in
241 661 518 727 tragoedia,
564 680 693 728 quae
734 675 902 710 natura
936 679 1022 708 sua
1058 658 1121 708 ad
1164 673 1406 709 tumorem

360 571 499 639 quod
542 569 863 620 metuendum
896 570 1169 620 videbatur.
1250 569 1405 627 Quod.

77 751 354 821 propendet
396 754 762 817 verborumque
817 752 1071 816 strepitum
1117 750 1272 815 capit,
1330 764 1407 797 ta-

77 863 192 893 men
219 844 367 893 'venia
409 841 637 906 indignus
688 855 758 891 est
798 841 979 889 nimius
1028 855 1219 900 tumor,
1266 837 1405 887 nullo

80 948 212 984 certe
245 928 396 981 modo
450 933 618 981 locum
665 932 837 994 hahet,
880 950 995 979 cum
1041 948 1213 994 verum
1258 947 1409 992 argu—
1471 962 1477 968 -

82 1039 301 1073 mentum
334 1037 578 1071 tractatur.
615 1023 789 1087 Itaque
815 1037 862 1071 et
895 1023 980 1069 illa
1017 1021 1225 1084 Gorgiae
1248 1019 1410 1068 Leon-

83 1114 170 1162 tini
204 1112 452 1171 ridentur,
490 1116 692 1160 Xerxen
724 1116 995 1160 Persarum
1028 1115 1202 1161 Iouem
1233 1109 1409 1175 appel-

83 1203 250 1264 lantis,
309 1216 356 1250 et
412 1204 632 1250 vultures
686 1202 917 1262 sepulcra
967 1203 1115 1259 viua;
1172 1199 1411 1264 quaedam

85 1293 227 1341 ctiam
262 1289 585 1350 Callisthenis,
612 1306 721 1336 -non
757 1289 1001 1351 sublimia,
1035 1288 1124 1337 sed
1148 1306 1260 1336 cum
1279 1289 1412 1336 inani

86 1381 250 1447 specie
288 1381 442 1441 elata3
481 1399 537 1427 ac
570 1379 728 1427 multo
774 1380 924 1443 magis
972 1379 1233 1438 Clitarchi,
1293 1377 1415 1426 scri-

86 1470 243 1537 ptoris
275 1469 522 1529 vilissimi,
559 1469 674 1535 qui,
721 1484 771 1517 vt
818 1483 887 1518 est
928 1469 1061 1533 apud
1094 1470 1412 1535 Sophoclem,

79 1578 303 1626 paruam
326 1563 522 1624 quidem
556 1561 723 1607 tibiam
736 1596 749 1620 ‚
795 1563 886 1607 sed
923 1562 1029 1607 sine
1077 1564 1299 1625 capistro
1333 1563 1415 1608 in-

72 1653 189 1711 flat.
257 1649 490 1697 Similiter
523 1647 896 1713 Amphicrates,
930 1646 1182 1711 Hegesias,
1225 1649 1414 1709 Matris,

89 1758 203 1788 cum
237 1737 454 1789 sibideo
489 1737 626 1803 pleni
659 1737 903 1798 videntur,
940 1756 1082 1804 saepe
1104 1757 1204 1787 non
1241 1738 1414 1787 diuino

89 1827 272 1877 adflatu
307 1828 597 1893 loquuntur,
634 1827 721 1877 sed
747 1827 1002 1893 pueriliter
1023 1828 1219 1877 ludunt.
1291 1830 1418 1880 Om-

91 1919 210 1967 nino
258 1933 423 1967 tumor
475 1919 535 1966 iis
589 1918 716 1967 vitiis
762 1917 1154 1966 adnumerandus
1203 1919 1414 1982 videtur,

93 2028 218 2075 quae
266 2008 552 2057 difficillimo
592 2023 844 2058 canentur.
933 2007 1060 2057 Nam
1114 2009 1417 2075 quicumque

95 2099 402 2148 sublimitatis
437 2099 716 2165 adpetentes
737 2114 887 2158 ·sunt,
923 2098 958 2146 ii
992 2098 1156 2147 nescio
1178 2117 1279 2165 quo
1302 2117 1418 2149 mo·-

81 2188 188 2251 .d0‚
225 2189 344 2237 dum
381 2206 635 2239 eneruatae
672 2204 718 2238 et
749 2189 941 2238 ieiunae
977 2189 1208 2237 orationis
1244 2209 1417 2256 repre-

94 2278 380 2329 hensionem
433 2281 652 2346 fugiunt,
708 2279 769 2328 ad
826 2294 1068 2328 tumorem
1114 2278 1419 2342 deferuntur,

96 2369 207 2419 fleti
240 2369 353 2418 iflo:
394 2374 566 2420 Graue
604 2380 865 2436 peccatum
903 2388 1199 2435 generosum
1233 2390 1420 2435 pecca-

98 2469 203 2509 tum
235 2470 319 2507 est.
387 2460 487 2509 Sed
523 2462 663 2510 elatio
699 2462 919 2528 corporis
954 2479 1109 2527 aeque
1150 2479 1206 2508 ac
1236 2462 1418 2510 oratio—

99 2551 174 2599 nis
208 2565 336 2612 tum,
374 2569 484 2598 cum
519 2553 671 2599 inanis
707 2568 775 2601 est
819 2567 865 2602 et
908 2570 1042 2602 mera
1084 2551 1295 2617 species,
1341 2553 1419 2599 vi·-

99 2642 219 2689 1iosa
254 2641 334 2703 fit,
379 2660 436 2690 ac
470 2642 698 2690 nimirum
720 2644 1012 2692 contrarium
1042 2642 1214 2692 vitium
1250 2643 1420 2691 efficit:

1452 1830 1482 1875 01
