1752 3118
305 290 446 323 cxxn
552 271 1086 322 DISSERTATIO
1126 269 1452 321 CRITICA

300 396 421 455 abac
442 412 554 446 sect.
579 401 621 445 5.
665 396 762 445 Has
779 397 973 454 κακίας
994 398 1057 445 ita
1081 395 1307 461 opposuit
1327 393 1536 456 ὕψεσιν,
1569 411 1619 445 vt

300 466 341 513 si
376 483 517 512 omne
558 464 796 511 scribendi
842 483 985 529 genus
1021 464 1241 513 vitiosum
1273 478 1392 511 esset
1432 478 1619 526 praeter

299 532 524 580 sublime:
562 532 679 611 quin
702 532 841 578 etiam
871 535 952 586 56,
985 548 1030 579 2.
1065 528 1198 593 ὕψος
1221 544 1266 578 et
1288 529 1618 593 κατόρθωμα

299 599 464 664 posuit
503 612 553 646 vt
590 617 878 665 synonyma,
941 598 1110 663 hisque
1138 598 1371 645 contraria
1406 597 1519 643 fecit
1549 600 1618 645 vc)

300 665 602 730 σφάλματα.
637 667 787 714 Porro
812 683 901 712 nec
921 667 1018 714 τοῦ
1039 664 1314 729 γλαφυροῦ
1327 664 1618 712 mentionem

298 732 436 794 facit,
473 733 563 785 nisi
594 750 705 779 cum
739 733 1083 797 significatione
1117 731 1319 796 quadam
1343 746 1618 778 contemtus,

300 798 411 848 Vid.
441 817 525 858 10,
554 802 597 846 6.
617 812 664 847 et
682 803 771 858 55,
797 805 840 849 5.
898 800 1101 865 Propter
1129 797 1327 846 eandem
1351 798 1619 845 sublimita-

297 866 740 914 tis-admirationem
766 871 954 930 grauius
971 868 1162 915 fortasse
1184 867 1359 913 factum
1386 879 1455 911 est
1475 864 1616 925 illud,

300 933 435 997 quod
454 952 595 998 supra
615 934 776 993 tetigi,
812 933 1041 982 iudicium
1067 934 1131 982 de.
1154 933 1308 999 Lysia,
1347 932 1482 980 cuius
1505 933 1619 979 sub-

297 1000 543 1049 limitatem
570 999 837 1047 admirabili
862 1015 960 1048 arte
982 1002 1028 1047 in
1052 1003 1160 1047 foro
1187 1012 1426 1046 tractatam
1454 1015 1619 1046 omnes

299 1066 380 1115 alii
406 1065 632 1114 rhetores*
650 1067 844 1114 summis
870 1066 1090 1114 laudibus
1116 1067 1365 1115 extollunt.
1410 1065 1544 1117 Haec
1570 1080 1620 1113 et

298 1134 389 1183 alia
413 1133 453 1179 si
470 1133 577 1198 quis
602 1134 892 1193 considerat,
917 1134 1210 1198 maximeque
1233 1133 1376 1181 verba
1395 1123 1618 1179 sectionis

257 1240 259 1242 .
299 1218 412 1262 7‚v
385 1200 468 1248 vbi
493 1200 706 1248 definitio
731 1201 829 1248 τοῦ
854 1198 1025 1262 ὕψους
1051 1200 1367 1266 proponitur,
1393 1217 1498 1246 non
1532 1199 1626 1246 mi·

296 1285 405 1315 rum
430 1281 524 1326 est,
561 1268 599 1314 si
632 1283 873 1316 auctorem
900 1269 1042 1315 flocci
1071 1267 1264 1345 pendit,
1303 1267 1383 1331 qui
1425 1266 1520 1326 rei,
1557 1266 1618 1313 de

298 1352 393 1399 qua
426 1334 634 1381 scribere
673 1353 811 1381 ausus
841 1333 930 1396 sit,
967 1352 1027 1381 ne
1057 1335 1302 1383 notionem
1330 1332 1560 1397 quidem
1549 1352 1619 1380 ιιι-

295 1415 413 1449 stam
447 1399 662 1448 videatur
694 1400 926 1448 habuisse.
983 1401 1166 1448 Verum
1200 1390 1284 1447 ille
1318 1400 1484 1446 mihi·
1471 1419 1522 1450 m
1558 1417 1619 1447 eo

293 1482 480 1516 tantum
501 1466 692 1515 videtur
711 1485 948 1532 peccasse,
986 1467 1120 1531 quod
1142 1487 1239 1516 non
1252 1467 1436 1514 iustam
1458 1484 1622 1514 curam

296 1533 514 1583 adhibuit
537 1534 597 1581 ad
625 1535 757 1582 illam
777 1535 875 1584 vim
895 1535 1194 1583 sublimitatis
1216 1531 1546 1599 explicandam
1572 1547 1622 1582 et

297 1601 583 1667 quibusdam
613 1602 787 1661 finibus
824 1602 1348 1652 circumscribendam„

396 1668 585 1716 Etenim
599 1671 805 1719 sublime
819 1686 905 1733 per
924 1687 979 1717 se-
999 1670 1159 1734 ipsum
1172 1687 1226 1716 ac
1249 1669 1403 1717 solum
1418 1645 1622 1733 intelligi

293 1753 396 1784 non
425 1749 609 1800 potest:
634 1738 946 1787 contrarium
979 1754 1194 1785 nec-essai
1196 1752 1255 1783 ιο
1275 1735 1417 1785 simul
1445 1749 1515 1783 est
1537 1752 1622 1782 co-

296 1801 567 1867 gitandum,
602 1817 652 1852 vt
671 1803 760 1851 ista
786 1802 885 1853 huc
911 1803 1055 1851 relata
1074 1803 1213 1850 *notio
1236 1803 1346 1850 satis
1375 1803 1500 1849 clara
1525 1804 1618 1851 fiat.

296 1869 397 1918 Sed
410 1870 699 1919 contrarium
723 1889 749 1917 a
771 1872 1009 1924 contrario
1025 1871 1200 1928 nonita
1219 1868 1515 1918 disiunctum
1534 1884 1620 1931 est,

294 1937 420 1987 nihil
445 1952 494 1984 vt
520 1937 831 1987 interiectum*
848 1938 938 1996 sit,
974 1937 1226 2002 statimque
1258 1937 1317 1984 ab
1343 1952 1438 1984 vno
1473 1934 1534 1983 ad
1558 1937 1622 1982 al-

297 2018 453 2054 ter-um
478 2005 796 2069 perueniatur.
848 2004 1066 2063 Infinita,
1101 2019 1151 2053 vt
1171 2003 1385 2063 ostendi,
1418 2017 1529 2051 sunt
1546 2004 1622 2050 in·-

297 2071 506 2120 teriecta.
568 2071 707 2128 Quae
736 2070 970 2120 si2‘carent
994 2072 1216 2133 nomine,
1253 2071 1622 2119 adalterutrum

298 2139 422 2186 trahi
460 2138 654 2187 dehent.
704 2138 818 2186 'Sed
850 2139 947 2186 hoc
976 2139 1058 2186 vbi
1080 2138 1306 2197 facimus,
1352 2138 1619 2185 necessario

298 2206 348 2253 in
367 2207 540 2255 multis
569 2208 823 2254 haeremus
860 2206 1115 2269 ancipites,
1146 2206 1329 2270 .vixque
1355 2205 1404 2251 in
1434 2203 1618 2253 iudicio

296 2273 435 2320 nobis
464 2290 718 2337 possumus
742 2288 969 2321 constare.
1030 2273 1141 2320 Hoc
1162 2290 1223 2319 ne
1240 2273 1289 2319 in
1310 2270 1621 2320 discernenda

298 2340 513 2387 oratione
544 2340 740 2387 sublimi
771 2354 817 2387 et
849 2338 1357 2396 submissaeueniret,
1403 2338 1620 2387 rhetores

299 2421 611 2470 temperatum
632 2406 824 2455 dicendi
846 2424 992 2471 genus
1013 2407 1414 2472 interposuerunt,
1456 2406 1620 2470 Itaque

298 2474 423 2522 inter
455 2474 630 2521 vicinas
654 2487 832 2522 tantum
858 2475 1057 2536 formas,
1094 2473 1345 2522 sublimem
1373 2491 1545 2537 nempe
1573 2486 1621 2520 et

297 2554 612 2606 temperatam
627 2580 640 2603 ,
676 2542 944 2606 pariterque
971 2541 1092 2588 inter
1113 2554 1419 2606 temperatam
1443 2555 1490 2589 et
1511 2542 1620 2587 suh-

300 2609 490 2655 missam
519 2607 695 2655 dubius
719 2608 826 2673 quis
857 2608 1098 2655 interdum
1127 2608 1321 2656 haerere
1351 2622 1533 2673 potest,
1571 2621 1621 2656 vt

300 2693 338 2722 e.
363 2694 404 2740 g.
433 2676 596 2724 locum
617 2675 827 2724 Platonis
856 2689 968 2723 sect.
995 2678 1067 2723 15.
1091 2675 1128 2739 ᾗ.
1154 2693 1194 2727 ι.
1222 2677 1416 2724 allatum
1446 2676 1623 2724 nesciat
1663 2738 1667 2743 ἢ

1748 2552 1752 2559 .
1740 2462 1752 2521 ‹uf-A
1744 2435 1752 2451 a:
1740 2389 1752 2419 Α
1743 2241 1752 2378 ,ιιιμ-Ὴμ-Αἱι..
1741 2103 1752 2233 ι..,’,;-ι·-.-;
1748 2039 1752 2079 ⁴...
1748 2012 1752 2021 a
1750 1982 1752 1987 .
1746 1947 1752 1967 ι..
1748 1895 1752 1898 ι
1749 1872 1752 1878 .
1749 1838 1752 1844 .
1748 1783 1752 1790 a
