1752 3118
359 311 468 343 cx1v
553 287 1103 345 DISSERTATIO
1141 292 1462 345 CRITICA

360 434 410 468 vt
441 437 498 468 ex
516 437 601 467 vsu
623 420 745 467 vitae
774 417 916 484 petita
937 431 983 464 et
1005 417 1142 464 facile
1165 418 1322 466 animo
1346 423 1677 484 proponenda,

357 502 611 552 praecepto
635 485 918 543 Quintiliani
939 484 1088 547 magis
1114 486 1437 533 conueniunt:
1477 488 1679 537 clariora

357 572 534 618 nempe
559 568 668 601 sunt
693 571 768 611 eo,
792 550 926 616 quod
946 550 1307 599 illuminandum
1330 568 1442 600 erat.
1491 554 1678 603 Verun-

319 669 321 671 .
358 634 515 669 tamen
539 619 788 667 ferendum
819 619 918 666 hoc
946 618 995 664 in
1029 618 1112 664 tali
1135 633 1352 675 auctore,
1388 634 1438 668 vt
1462 621 1564 669 viro
1583 623 1678 670 for-

358 705 507 749 tasse,
555 688 638 750 qui
671 705 746 735 res
786 686 888 732 illas
922 685 1066 748 vulgo
1104 685 1161 731 ab
1196 686 1418 732 omnibus
1450 690 1675 751 expetitas

357 770 451 803 tam
474 769 601 800 certa
634 756 815 801 ratione
846 767 892 799 et
916 766 1013 798 tam
1038 765 1307 800 constanter
1335 768 1674 816 contemneret,

357 837 408 870 vt
440 839 515 867 eas
545 821 718 884 pariter
745 839 771 868 a
795 819 1057 885 plerisque,
1093 832 1174 866 aut
1208 838 1234 866 a
1257 818 1412 866 doctis
1438 836 1567 869 certe
1587 822 1676 870 ho-

355 888 592 949 minibus,
647 887 889 935 contemni
924 899 1122 949 putaret.
1196 886 1420 935 Fortasse
1462 902 1507 934 et
1539 889 1676 936 locus

356 955 623 1015 communis
644 956 704 1001 de
727 955 821 1000 illis
841 955 1055 1000 fortunae
1071 951 1292 1000 ludibriis
1312 953 1418 1018 plus
1439 953 1677 1017 dignitatis

351 1023 529 1070 habere
563 1037 719 1084 eoque
739 1021 887 1082 magis
915 1020 1174 1066 conuenire
1207 1020 1335 1067 libro
1358 1038 1447 1067 suo
1480 1022 1678 1080 videbat:

352 1097 455 1149 tur,
493 1106 637 1153 quam
660 1087 729 1134 rei
756 1085 948 1136 levioris
970 1100 1241 1149 comparata
1258 1087 1542 1135 similitudo.

933 1197 970 1261 §—
1006 1196 1093 1245 IX.

482 1287 709 1354 Exempla
750 1286 1024 1335 sublimium
1070 1286 1309 1336 dictorum
1363 1306 1420 1337 ex
1469 1290 1672 1354 antiquis

349 1357 664 1422 scriptoribus
705 1373 846 1419 quam
891 1356 1095 1418 plurima
1135 1357 1345 1420 profert,
1402 1374 1670 1420 eorumque

346 1423 580 1472 nonnulla
606 1438 831 1485 perquam
855 1420 1106 1485 diligenter
1128 1435 1402 1486 pertractat,
1440 1437 1488 1471 vt
1507 1425 1673 1471 nobile

346 1489 468 1538 illud
494 1487 825 1536 iusiurandum
847 1488 1200 1550 Demosthenis,
1222 1492 1315 1536 Mc?
1334 1493 1456 1546 τούς
1474 1493 1531 1538 ἐν
1555 1494 1673 1538 Μα-

346 1556 579 1622 ραθῶνα
629 1556 765 1602 cuins
808 1555 1121 1619 multiplicem
1154 1556 1249 1604 vim
1281 1556 1344 1603 ita
1371 1558 1582 1605 breuiter
1623 1573 1670 1605 et

347 1637 486 1672 acute
511 1623 678 1687 aperit,
706 1635 755 1671 vt
776 1622 950 1668 criticis
974 1621 1060 1669 illo
1082 1623 1196 1670 loco
1223 1625 1463 1688 exemplar
1485 1624 1543 1671 ad
1564 1624 1670 1672 imi-

344 1689 542 1740 tandum
570 1688 785 1738 videatur
805 1689 1071 1754 relinquere
1094 1689 1316 1737 voluisse.
1360 1690 1460 1738 Sed
1492 1692 1668 1740 mirum

345 1772 442 1817 est,
479 1756 612 1822 quod
637 1756 720 1803 illa
749 1756 1033 1820 scriptorum
1065 1756 1172 1804 loca
1204 1769 1300 1803 tam
1322 1758 1448 1805 varie
1472 1772 1667 1820 mutata,

343 1844 399 1874 ac
423 1827 522 1872 fere
542 1824 663 1871 nihil
682 1821 742 1870 ad
766 1824 1214 1887 verbumst-epetit3
1247 1842 1302 1871 an
1329 1843 1384 1872 ex
1414 1841 1471 1871 eo
1500 1843 1667 1874 vanam

345 1893 485 1941 etiam
523 1905 711 1956 captans
739 1890 991 1953 gloriolam
1005 1889 1031 1935 ¹?
1101 1889 1198 1946 Qui
1234 1892 1359 1938 enim
1394 1906 1486 1938 tam
1512 1895 1662 1942 multa

341 1960 523 2040 promit
545 1975 602 2006 ex
623 1958 849 2007 memoria
863 1994 877 2019 ,
914 1970 960 2004 et
982 1956 1277 2021 aliquantum
1302 1959 1443 2006 etiam
1472 1973 1663 2020 mutata,

341 2045 383 2075 is
419 2042 532 2074 sane
561 2026 736 2074 multae
758 2024 976 2073 lectionis
1006 2039 1054 2072 et
1072 2025 1226 2072 felicis
1249 2026 1508 2073 memoriae
1528 2026 1664 2075 vide-

340 2108 604 2158 tnr‚neque
624 2093 778 2140 minus
799 2092 967 2141 sollers
995 2105 1041 2139 et
1061 2091 1304 2156 expeditus
1319 2093 1366 2140 in
1387 2094 1661 2156 scribendo,

341 2176 391 2209 vt
429 2162 513 2225 qui
545 2178 644 2208 non
669 2177 866 2208 necesse
899 2158 1123 2207 habuerit
1149 2160 1298 2208 libros
1336 2179 1444 2209 cum
1480 2162 1660 2211 iactura

343 2229 573 2292 temporis
593 2228 822 2275 euoluere
844 2227 1094 2291 oculisque
1113 2226 1227 2287 ipsis
1247 2228 1494 2276 subiicere.
1524 2227 1657 2277 Num

338 2296 476 2357 veris,
512 2295 724 2360 inquam,
760 2310 806 2342 et
835 2293 1013 2357 magnis
1037 2293 1278 2353 laudibus,
1314 2310 1515 2360 propter
1538 2314 1654 2360 quas

337 2380 446 2409 eum
483 2363 652 2410 merito
697 2360 1010 2419 admiramur,
1067 2360 1189 2408 hanc
1221 2362 1357 2409 etiam
1395 2361 1654 2426 adiungere

334 2429 488 2479 voluit
512 2430 805 2477 ambitiosius
829 2427 1119 2492 quaesitam?
1164 2428 1212 2475 N
1215 2446 1276 2475 on
1301 2429 1454 2476 audeo
1478 2430 1655 2477 decer-

334 2513 459 2543 ncre.
529 2496 624 2544 Sed
644 2497 685 2543 si
709 2497 787 2545 cui
819 2496 937 2542 haec
969 2494 1254 2561 suspicionis
1274 2497 1552 2560 significatio
1577 2498 1653 2546 vi-

333 2563 474 2611 detur
508 2563 743 2629 iniquior,
791 2583 815 2611 a
846 2562 1037 2609 leuitate
1071 2577 1200 2632 certe
1228 2564 1385 2628 aliqua
1417 2582 1527 2612 eum
1551 2582 1650 2614 nou

329 2629 577 2691 liberabit,
616 2651 708 2696 qua
742 2646 788 2679 et
820 2630 901 2678 alii
922 2629 1140 2678 homines
1162 2631 1395 2695 ingeniosi
1419 2632 1647 2681 laborant.

327 2697 532 2746 Facilius
552 2699 622 2747 illi
640 2701 836 2749 fortasse
856 2697 944 2747 fuit
955 2698 1230 2748 memoriter
1241 2716 1425 2764 ponere
1437 2700 1645 2750 Platonis
1710 2714 1716 2717 ’

1734 2053 1752 2449 ἒ

1732 2451 1752 2639 52
