1718 3122
170 1816 189 1999 wast-w&

258 237 345 292 494-
551 231 778 275 NOTAE
815 231 903 294 ᾼΙὶ
935 231 1015 273 DE
1054 232 1306 276 SVBLIM.

258 359 423 388 xmuvs:
487 343 565 385 Hic
602 345 720 385 locus
758 358 846 385 non
881 346 1331 389 eme11datio11c‚sed
1365 349 1579 402 interpre-

256 403 417 442 tatione
452 408 556 453 eget.
612 400 833 451 Reddunt
854 405 898 441 in
922 403 1074 441 iudicio
1093 408 1185 467 quis
1204 407 1335 457 pretio
1358 415 1580 459 corruptus.

253 457 452 510 Imperite
471 457 516 496 id
533 457 702 509 quidem
720 464 763 496 et
781 458 899 498 nullo
916 457 1080 496 iudicio.
1099 457 1191 498 Ἐπὶ
1206 463 1345 513 κρίσει
1367 459 1582 511 δεκασθῆ-

254 529 332 555 ναι
371 520 435 552 est
459 515 661 566 corrumpi
696 513 744 552 ob
781 517 1024 552 sententiam
1057 513 1248 556 dandam.
1303 514 1442 554 Philo
1430 523 1581 555 tratus

254 569 423 609 Heroic.
451 582 492 620 p.
525 568 619 609 681.
650 567 675 609 ό
699 570 817 612 Αἴας
842 572 1005 622 λέγεται
1036 573 1131 614 ταῖς
1161 570 1334 625 ἀγέλαις
1361 571 1552 625 ’ἐμπεσων
1564 602 1581 620 ,

256 624 528 677 διαφορῆσαι
544 623 682 675 σφᾶς,
721 623 814 665 οἷον
835 628 1007 666 κτείνων
1026 639 1122 669 τους
1138 625 1332 678 Ἀχαιούς
1342 629 1462 666 EHI
1479 630 1581 667 ΤΗι

256 681 492 722 KPIZEL
536 683 683 720 Fertur
700 682 745 718 in
766 694 911 733 greges
930 679 1281 738 irnpetzcmfioisse
1295 686 1431 732 Aiax,
1459 691 1582 736 atque

258 751 325 776 eos
355 737 598 783 dilanias-se,
628 738 748 789 quasi
776 743 902 775 morte
927 737 1197 777 mulctaturus
1223 741 1400 779 Graecos
1423 740 1470 777 ob
1487 754 1582 778 sen-

254 796 452 840 tentiam,
479 807 601 845 quam
628 799 773 830 contra
792 807 835 829 se
853 792 1068 842 tulissent.
1089 793 1235 832 Iulian.
1255 794 1374 834 Orat.
1389 808 1438 833 2.
1449 809 1488 846 Ρ.
1511 797 1578 834 81.

252 846 477 899 Ὑπάρχειν
497 846 545 886 δε
561 861 675 896 φασι
692 850 768 885 καὶ
786 848 962 889 Κελτοῖς
983 846 1184 910 ποταμόν
1197 850 1584 890 AAEKAETON

253 905 372 944 ΚΡΙ
375 904 511 942 ΤΗΝ
530 901 611 942 τῶν
636 900 842 953 ἐκγόνων,
871 905 948 941 και
965 901 1034 942 οὐ
1032 905 1268 968 πείθουσιν
1298 904 1448 953 αὐτον,
1488 906 1581 946 οὔτε

255 963 308 999 αἱ
322 960 532 1024 Ημητέρες
555 956 811 1022 ὀδυρόμεναι
837 956 1142 1012 συγκαλύπτειν
1174 959 1286 999 αὐτοὶ
1303 989 1314 1007 ,
1360 965 1437 999 καὶ
1461 960 1578 1002 ἁπω

216 1046 222 1059 ,
252 1012 454 1067 κρύπτειν
481 1029 557 1062 την
585 1011 844 1079 ἁμαρτάδα,
876 1013 967 1054 οὔτε
987 1019 1030 1054 οἱ
1052 1017 1230 1067 πατέρες
1256 1015 1362 1069 ὑπὲρ
1395 1014 1475 1056 τῶν
1496 1031 1579 1067 γα-

251 1068 386 1126 μετῶν
401 1072 478 1108 καὶ
495 1067 575 1110 τῶν
594 1068 772 1123 ἐκγόνων
790 1071 908 1109 EHI
930 1071 1027 1109 PH»
1043 1071 1268 1110 ΚΡῙΣΕΙ
1283 1070 1580 1125 δειμαίνοντες.

251 1126 334 1165 Vbi
364 1131 482 1164 recte
510 1124 784 1177 Interpretes,
813 1125 910 1164 dum
935 1126 1075 1165 iudicii
1093 1129 1244 1165 exitum
1254 1127 1578 1180 perhorrescunt.

251 1181 432 1245 Deinde
433 1186 549 1219 recte
570 1181 656 1219 viri
675 1180 906 1219 doctissimi
926 1180 1069 1219 Morus
1089 1188 1131 1219 et
1149 1180 1364 1229 Pricaeus,
1393 1181 1470 1222 οὐκ
1488 1185 1584 1223 AN

250 1239 322 1277 E'l
326 1239 364 1276 ’I
378 1235 457 1277 τῶν
475 1235 654 1278 δικαίων
671 1240 748 1276 καὶ
768 1236 908 1277 καλῶν
919 1235 1131 1288 ἐλεύθερος
1147 1242 1224 1276 καὶ
1244 1253 1295 1290 v)
1296 1253 1362 1286 ιης
1374 1236 1429 1278 ἄν
1440 1240 1577 1278 ΚΡΙ-

256 1293 386 1334 ΤΗΣ
399 1296 578 1346 γένοιτο.
633 1291 803 1344 Dionys.
821 1291 953 1330 Hanc.
972 1293 1018 1330 in
1039 1292 1177 1331 Isaeo:
1204 1294 1262 1332 Ει
1278 1292 1326 1332 δέ
1345 1308 1407 1336 τις
1428 1307 1576 1343 παρα-

249 1350 436 1401 θεωροίη
457 1347 591 1388 ταῦτα
611 1347 666 1392 ὥς
684 1361 820 1401 μικρα
841 1351 917 1387 καὶ
915 1348 1103 1412 utpaffla,
1127 1345 1245 1388 ΟΤΙ(
1254 1349 1299 1388 Λ
1304 1351 1349 1388 Ν
1356 1351 1468 1388 ΕΤῙ
1474 1352 1517 1388 Γ
1514 1352 1576 1389 Ε-

252 1407 301 1446 Ν
302 1406 369 1444 ΟΙ
371 1405 446 1444 ΤΟ
470 1402 622 1446 ἱκανος
642 1402 780 1445 αὐτῶν
801 1403 1028 1455 κρατῆσαι.
1072 1403 1226 1442 Noster
1243 1403 1376 1441 infra:
1406 1404 1576 1446 Δοκου-

249 1475 327 1515 μεν
346 1461 461 1499 ΕΤΙ
473 1458 688 1511 ἐλεύθερόν
704 1475 800 1500 τινα
812 1460 930 1500 KPI
931 1460 1068 1499 THN
1071 1474 1152 1500 των
1171 1458 1361 1513 μεγάλων
1383 1464 1459 1500 καὶ
1474 1459 1576 1501 ἀδέ-

245 1530 407 1557 καστον
420 1514 758 1567 απολελεῖφθαι,·
775 1513 989 1554 Demosth.
1003 1517 1113 1581 Περὶ
1125 1517 1411 1570 Παραπρεσβ.
1431 1530 1471 1567 p.
1488 1530 1577 1568 117.

244 1570 522 1626 Ηγούμενος,
560 1571 616 1615 ὠς
644 1574 742 1626 ἐμοὶ
767 1570 903 1619 δοκεῖ,
940 1569 1014 1612 τόν
1041 1567 1163 1618 ἅπαξ
1190 1573 1225 1610 λ.
1252 1573 1308 1624 [v.
1335 1570 1574 1626 Ruhnken]

244 1628 311 1666 Ad
332 1641 455 1679 quem
473 1627 616 1665 locum
635 1626 917 1679 proculdubio
932 1627 1118 1678 respexit
1137 1627 1354 1678 Longinus,
1370 1627 1577 1668 T.ov1²1vs

247 1683 385 1722 Verba
405 1687 477 1723 ἐπὶ
507 1686 645 1734 κρίσει
663 1689 827 1721 tantum
846 1681 971 1720 Petra
1000 1689 1043 1720 et
1065 1683 1244 1733 Paganus
1264 1683 1453 1733 ambigue
1473 1696 1575 1722 ver-

245 1744 390 1778 terunt
406 1742 453 1777 in
469 1739 633 1777 iudicio.
691 1737 832 1777 Ceteri
850 1750 990 1776 omnes
1009 1743 1124 1776 recte
1150 1743 1193 1775 et
1213 1738 1337 1775 clare.
1382 1737 1492 1776 Leue
1513 1746 1575 1778 est

245 1794 359 1847 quod
383 1794 545 1832 addam.
601 1792 750 1832 Prima
761 1793 924 1844 negatio
948 1799 1087 1831 certos
1105 1792 1245 1831 statim
1262 1793 1312 1831 ab
1329 1793 1449 1831 initio
1471 1795 1572 1832 red-

246 1850 310 1889 dit
334 1850 538 1898 lectores,
587 1848 916 1887 enuntiationem
949 1848 1042 1887 fore
1068 1854 1298 1900 negantem.
1358 1849 1394 1886 Γ
1398 1863 1466 1886 um
1499 1863 1572 1888 suo

243 1906 390 1962 locoz
392 1918 446 1942 ne
460 1905 575 1964 qnid
607 1905 843 1961 ambigam
864 1903 936 1952 sit,
966 1903 1041 1943 οὑκ
1074 1919 1152 1952 αν,
1181 1918 1262 1942 non
1278 1919 1388 1943 sane.
1391 1897 1511 1943 Sic
1531 1913 1574 1945 οῖ

242 1968 341 2014 post
289 1946 505 1999 Λνοιῦεὶ
506 1960 568 2000 sat
589 1959 722 1999 multa
738 1958 947 2011 repetitur
966 1957 1047 1998 hoc
1071 1958 1137 2002 ἂν
1144 1954 1363 2011 grauitatis
1383 1973 1516 2000 causa

329 2015 496 2070 ἀνάγκη
531 2015 615 2070 γάρ
643 2014 699 2065 τῶ
729 2013 950 2067 δωροδόκῳ
979 2031 1032 2054 τα
1061 2020 1208 2056 οἰκεῖα
1231 2018 1309 2068 μὲν
1333 2018 1573 2066 φαίνεσθαι

243 2072 360 2113 καλα
380 2076 457 2112 καὶ
476 2072 644 2125 δίκαια]
673 2055 788 2110 idem
809 2070 1046 2123 δωροδόκος
1065 2079 1107 2110 οῖ
1121 2070 1387 2123 δωροδέκτης.
1401 2078 1572 2110 Vtrum..

243 2143 325 2181 que
346 2126 438 2168 ἀπο
466 2128 542 2169 τοῦ
571 2129 801 2179 Δέχεσθαι.
832 2127 906 2165 sed
933 2127 1060 2165 h'tera
1082 2140 1226 2179 aspera
1249 2127 1293 2165 in
1317 2127 1456 2164 lenem
1475 2141 1571 2165 mu-

241 2192 368 2223 tatur.
424 2184 549 2231 Quod
571 2183 740 2222 G1aecis
762 2182 946 2221 solenne.
1002 2182 1109 2221 Hinc
1131 2181 1188 2236 ἀγ
1189 2185 1298 2236 γεΐον
1320 2180 1568 2234 α’ρτοδόκον,

243 2238 490 2288 οἰνοδόκον,
518 2237 858 2303 γαλακτοδόκον,
889 2245 931 2276 οῖ
956 2244 1096 2277 cetela
1120 2218 1242 2277 11111115
1266 2238 1490 2277 surfmisc
1474 2253 1569 2278 sex-

244 2303 376 2335 centa.
395 2296 447 2333 de
470 2309 551 2347 quo
579 2309 654 2334 nos
675 2296 720 2333 in
739 2293 1027 2334 Animaduers.
1052 2295 1106 2333 ad
1123 2294 1262 2333 schol.
1283 2294 1498 2332 T·heoc1iti
1518 2295 1565 2334 V

243 2352 313 2391 58.
368 2350 452 2396 Qui
483 2352 607 2390 aliter
629 2350 843 2398 scribunt,
869 2349 1088 2390 falluntur.
1122 2350 1168 2387 in
1197 2350 1345 2401 quibus
1365 2351 1414 2387 cl.
1439 2350 1567 2388 Vale..

242 2407 326 2446 sius
362 2406 415 2445 ad
450 2405 696 2459 Harpoclat.
733 2419 774 2457 p.
804 2418 870 2456 71.
925 2405 1006 2457 Et3·
1007 2406 1225 2458 mologus:
1261 2404 1470 2453 Ἱστοδόκη
1491 2435 1502 2453 ,
1537 2406 1568 2455 ἦ

241 2461 532 2517 υποδεχοαένη
563 2461 636 2502 τόν
665 2459 786 2502 ἱστον
809 2460 1035 2510 ἱστοθηκη.
1065 2461 1118 2502 τοὶ
1138 2461 1222 2502 δὲ.
1209 2459 1332 2514 παρά
1361 2461 1435 2501 τοῦ
1460 2460 1565 2512 δέχω

241 2518 386 2560 πάντα
417 2500 491 2558 δια
513 2518 589 2559 τοῦ
611 2533 650 2557 κ.
679 2516 914 2566 ξεινοδόκος
935 2521 1011 2557 καὶ
1038 2516 1092 2558 τοὶ
1112 2533 1259 2572 ομοια.
1317 2517 1441 2563 Quod
1461 2517 1566 2555 51113

242 2574 376 2613 doctis
407 2574 651 2613 notandum.
706 2573 867 2611 Deinde
898 2587 981 2612 non
1017 2574 1126 2612 male
1150 2572 1303 2622 Faber,
1331 2571 1385 2612 τοὶ
1411 2572 1564 2612 δίκαια

240 2646 303 2685 μη
325 2633 566 2682 φαίνεσθαι
587 2628 701 2670 καλοὶ
717 2634 793 2669 καὶ
810 2629 975 2670 δίκαια.
1033 2631 1204 2671 Necesse
1222 2638 1282 2669 est
1305 2631 1430 2678 enim,
1461 2643 1563 2682 quae
