1752 3118
294 285 455 320 Lxxw
556 269 1082 320 DISSERTATIO
1118 270 1217 320 DE
1250 270 1442 324 VITA

294 410 344 443 et
374 393 444 444 Io.
476 394 742 445 Pearsonus
772 396 965 461 Prolog.
990 395 1041 444 in
1063 395 1274 443 Hierocl.
1301 415 1345 461 p.
1368 413 1444 459 29.
1468 413 1611 446 reuo-

291 480 403 511 cans
434 477 592 510 tamen
619 480 829 512 errorem
852 481 1019 524 suum,
1065 462 1259 514 Vindic.
1286 463 1436 527 Ignat.
1469 465 1530 515 II.
1560 479 1612 530 ps

294 547 370 578 10.
439 529 538 578 Sed
571 529 821 594 quomodo
856 529 1178 595 distinguendi
1212 530 1332 591 sint,
1366 532 1610 596 praeclare

291 596 437 645 docet
459 597 521 644 H.
541 596 764 645 Valesius
784 596 846 645 ad
869 597 1043 646 Euseb.
1062 597 1127 644 Η.
1143 597 1196 644 Ε.
1222 595 1310 644 Vl.
1339 615 1414 660 19.
1434 616 1576 663 quem
1589 635 1609 659 ,

285 678 474 728 praeter
501 678 709 723 ceteros,
743 666 960 729 sequitur
985 664 1190 712 Huetius
1213 663 1483 728 Origenian.
1509 666 1539 712 l.
1563 677 1611 727 7:

289 730 472 788 Quanti
498 730 715 779 Plotinus
737 732 995 795 Origenem
1012 732 1205 791 fecerit,
1234 731 1508 779 testimonio
1531 732 1607 794 sit,

288 796 427 860 quod
460 811 615 845 narrat
647 798 946 865 Porphyrius
978 800 1030 847 in
1061 798 1240 847 Plotini
1266 798 1379 846 Vita
1410 817 1458 863 p.
1501 802 1609 847 116.

288 865 414 912 Cum
432 863 664 928 Origenes
681 865 804 922 forte
827 866 1006 914 Romae
1026 866 1075 913 in
1102 866 1280 914 Plotini
1298 865 1516 913 scholam
1530 882 1611 913 ve-

286 931 453 991 nisset,
489 946 647 979 tantus
670 931 745 979 illi
765 933 914 980 rubor
934 936 1138 980 suffusus
1162 947 1248 993 est,
1274 947 1326 982 vt
1346 933 1500 979 statim
1521 931 1611 981 do-

288 997 434 1045 cendi
458 999 601 1046 finem
625 999 822 1060 faceret,
860 1017 1006 1064 graue
1028 1017 1127 1047 esse
1153 999 1316 1048 dicens
1342 998 1571 1046 disserere
1587 1037 1605 1059 ,

286 1065 616 1129 praesentibus
641 1065 725 1125 iis,
762 1066 874 1131 qui,
912 1083 1031 1130 quae
1054 1065 1332 1125 traduntur,
1367 1082 1515 1131 aeque
1536 1080 1611 1120 te-,

284 1145 458 1187 neant,
494 1146 635 1196 atque
660 1132 762 1196 ipse
780 1133 867 1197 qui
889 1132 1045 1181 docet.
1100 1132 1181 1180 Ob
1201 1151 1342 1199 quam
1365 1150 1476 1180 cum
1498 1131 1611 1181 Plo-

283 1197 389 1246 tino
424 1212 471 1246 et
500 1197 772 1266 Porphyrio
807 1199 1228 1260 consuetudinem,
1263 1200 1448 1247 Romae
1479 1199 1611 1247 insti·
1664 1212 1666 1214 ’

281 1277 460 1327 tutam,
507 1264 738 1329 Origenes
767 1266 827 1314 ab
853 1266 1071 1330 Eunapio
1104 1268 1153 1315 in
1184 1266 1417 1333 Porphyr.
1455 1285 1502 1330 p.
1533 1284 1610 1328 ¹7·

284 1331 549 1397 Porphyrii
567 1333 928 1398 condiscipulus
954 1348 1177 1394 vocatur,
1212 1335 1410 1392 frustra,
1445 1347 1494 1382 vt
1515 1351 1612 1381 no·-

285 1398 362 1446 bis
386 1398 599 1460 videtur,
643 1399 826 1448 Huetio
852 1402 884 1450 l.
913 1419 953 1447 c.
980 1401 1173 1449 tertium
1202 1402 1410 1464 aliquem
1438 1399 1612 1464 Orige-

283 1482 396 1513 nem
432 1482 490 1514 ex
513 1466 599 1514 illo
620 1466 735 1515 loc-o
758 1469 981 1532 fingente.
1050 1467 1302 1531 Longinus
1326 1478 1483 1515 autem
1508 1483 1613 1515 non

285 1531 495 1593 Romae,
563 1531 651 1580 sed
690 1533 1033 1597 Alexandriae,
1090 1534 1351 1599 Origenem
1396 1531 1608 1592 audiuit,

284 1599 423 1665 quod
444 1618 542 1665 quo
573 1613 789 1664 tempore
814 1601 1046 1666 Origenes
1068 1601 1252 1648 Romae
1276 1619 1385 1649 eum
1411 1601 1608 1648 Plotino

276 1674 334 1718 'et
351 1666 625 1736 Porphyrio
644 1669 938 1731 versabatur,
966 1669 1068 1733 ipse
1090 1669 1184 1716 iam
1208 1667 1392 1716 dudum
1404 1667 1608 1715 Athenis

272 1735 439 1783 honas
465 1749 586 1781 artes
609 1734 891 1794 tradiderat,
927 1735 1349 1802 Porphyriumque
1372 1735 1611 1784 formarat.

285 1800 424 1849 Idem
446 1801 497 1848 in
521 1801 819 1850 Praefatione
837 1803 953 1850 libri
971 1806 1089 1867 περὶ
1113 1800 1316 1859 τέλους,
1351 1820 1489 1866 quam
1513 1819 1613 1850 non

284 1869 432 1916 semel
463 1866 784 1933 laudauimus,
812 1884 1052 1930 testatur,
1100 1869 1359 1935 Origenem
1394 1869 1516 1916 nihil
1551 1867 1613 1916 de

283 1934 594 2001 philosophia
611 1936 854 1984 literarum
879 1938 1203 1986 monumentis
1229 1936 1505 1998 mandasse,
1541 1950 1611 1997 et,

286 2003 327 2050 si
353 2001 473 2066 quid
494 2017 668 2065 exstet,
704 2005 835 2052 velut
854 2005 977 2052 liber
1000 2008 1116 2069 περὶ
1138 2003 1428 2067 δαιμόνων,
1462 2004 1613 2051 leuio-

289 2070 354 2117 ris
377 2086 552 2133 operae
582 2087 708 2131 esse,
745 2086 886 2137 atque
908 2071 1037 2119 aliud
1059 2072 1213 2136 agenti
1237 2071 1476 2121 excidisse.
1542 2070 1614 2117 Ex

285 2137 372 2184 illo
402 2137 529 2184 libro
558 2138 797 2202 quaedam
827 2142 963 2187 affert
986 2138 1188 2186 Proclus
1222 2139 1272 2186 in
1293 2138 1505 2185 Platonis
1531 2137 1614 2184 Ti-

286 2222 479 2251 maeum
498 2223 543 2269 p.
568 2209 643 2252 24.
665 2206 831 2253 Alium
853 2208 954 2254 eius
977 2206 1194 2254 libellum
1217 2205 1380 2253 laudat
1399 2205 1615 2272 Porphy-

287 2272 386 2318 rius
422 2272 473 2318 in
506 2271 686 2319 Plotini
711 2273 824 2321 Vita
858 2293 903 2338 p.
928 2292 1003 2336 97.
1040 2271 1119 2321 ὅτι
1150 2272 1312 2334 μόνος
1337 2276 1555 2336 ποιητής
1583 2271 1615 2318 ὅ

289 2337 554 2402 βασιλεύς.
590 2337 651 2387 de
671 2359 763 2403 qua
780 2341 1091 2405 inscriptione
1112 2341 1191 2387 alii
1211 2341 1358 2388 aliter.
1395 2339 1613 2387 Valesius

289 2405 352 2453 ad
372 2405 544 2454 Euseb.
566 2406 599 2455 l.
620 2425 660 2454 c.
682 2408 924 2469 libellum,
960 2409 1251 2472 suspicatur,
1289 2421 1614 2471 comparatum

272 2474 439 2521 ¹fuisse
460 2472 521 2521 ad
535 2473 838 2539 Imperatoris
864 2475 1074 2523 Gallieni
1092 2475 1360 2522 facultatem
1382 2474 1615 2538 poeticam

288 2539 588 2590 laudandam.
638 2542 785 2589 Cuius
810 2543 1085 2607 opinionem
1108 2542 1276 2589 merito
1296 2540 1511 2605 repudiat
1525 2539 1616 2587 Fa-

290 2608 470 2655 bricius
491 2608 620 2655 Bibl.
647 2609 731 2655 Gr.
755 2609 815 2656 T.
835 2609 921 2657 lV.
946 2628 994 2674 p.
1022 2628 1096 2672 79.
1165 2609 1291 2656 Nam
1317 2626 1471 2672 neque
1496 2607 1616 2653 Ori-

290 2692 485 2740 genem,
520 2676 729 2741 primulii
752 2677 1018 2740 Graecum,
1053 2675 1226 2725 deinde
1250 2676 1614 2742 philosophum,
