1752 3118
331 292 458 325 cxxx
534 270 1069 341 DISSERTATIO
1109 271 1440 322 CRITICA

337 400 420 447 illa
435 400 531 448 τοῦ
553 397 749 461 ὕψους,
773 396 908 461 quod
928 411 1127 460 prorsus
1150 412 1199 442 se
1219 396 1486 461 percepisse
1505 412 1656 473 putet,

339 466 564 528 cognitio.
596 466 663 513 At
685 465 725 511 si
745 463 956 527 exempla
978 461 1057 508 illa
1080 479 1179 509 non
1204 476 1296 510 tam
1315 463 1483 511 mentis
1507 464 1658 511 inten-

340 534 495 609 tione,
533 550 673 596 quam
691 530 832 577 animi
851 546 991 576 sensu
1007 528 1217 593 explorat
1228 565 1243 604 .'
1271 529 1389 593 quid
1408 530 1553 578 facit?
1588 530 1660 576 ni-

337 601 511 649 mirum
547 596 813 661 ingreditur
848 586 1021 644 illam
1008 612 1163 661 ipsam
1195 596 1344 655 viam,
1401 615 1544 661 quam
1552 595 1659 644 hic

337 682 497 715 noster
529 663 829 712 sublimitatis
865 662 1086 725 magister
1123 661 1433 711 (101110115ῐιῑιιι
1469 664 1660 711 initium

339 733 464 781 enim
483 734 581 780 πολ
585 732 676 796 λῆς
695 731 874 795 πείοας
890 730 998 778 facit
1019 728 1078 777 ad
1098 729 1352 796 parandam
1371 729 1541 793 κρίσιν
1559 731 1659 778 τῶν

336 799 517 861 λόγων.
566 799 670 846 Hac
691 798 767 846 via
785 798 824 845 si
849 812 1042 846 strenue
1064 797 1246 862 pergit,
1282 814 1322 842 51
1341 795 1554 845 studiose
1574 798 1662 844 ob-

340 880 516 928 seruat‚
553 883 671 931 quae
688 864 811 913 dicta
827 882 935 912 cum
957 882 1098 911 suum
1110 879 1211 922 tum
1227 863 1431 910 aliorum
1450 864 1659 912 animum

336 934 626 998 percellant,
663 948 804 1008 atque
829 932 893 979 ita
920 949 1003 980 vsu
1028 931 1136 996 ipso
1166 918 1341 978 dictata
1359 932 1567 1007 magistri
1587 948 1662 978 ex-

336 999 785 1065 plorat3pe1c1p1et
802 998 884 1045 ille
905 997 1039 1045 haud
1059 998 1220 1059 dubie,
1255 1016 1343 1061 pro
1363 998 1540 1058 ingenii
1561 1015 1662 1045 mo-

340 1066 430 1126 do,
465 1068 676 1114 fructum
693 1065 829 1112 illum
842 1101 855 1126 ,
892 1080 1036 1128 quem
1057 1079 1223 1112 auctor
1240 1065 1538 1112 τελευταῖον
1554 1067 1663 1112 ἐπι-

336 1130 500 1198 γέννη
497 1151 576 1180 aa
586 1131 748 1180 diutui
739 1133 799 1179 ni
808 1127 955 1181 huius
973 1130 1121 1180 studii
1141 1131 1356 1196 appellat.
1379 1131 1519 1178 Plura
1535 1131 1661 1179 hanc

337 1201 389 1247 in
418 1217 518 1248 rem
551 1199 713 1247 dicere
743 1216 833 1249 nec
870 1217 991 1263 opus
1027 1213 1119 1262 est,
1158 1212 1203 1246 ct
1232 1198 1391 1263 pudor
1421 1198 1660 1263 prohibet.

335 1265 653 1331 Explicatiora
674 1281 719 1314 et
735 1265 955 1328 vberiora
977 1264 1261 1331 philosophi
1283 1280 1327 1312 et
1344 1266 1558 1313 rhetores
1575 1267 1662 1312 110-

340 1333 493 1381 dierni
516 1332 831 1399 suppeditant.
882 1332 1008 1381 Mihi
1026 1332 1124 1380 1100
1159 1351 1299 1381 vnum
1329 1333 1418 1379 fuit
1435 1333 1662 1397 proposi-

336 1413 467 1462 tum,
502 1416 554 1449 vt
575 1401 853 1449 sententiam
890 1399 1066 1464 egregii
1093 1399 1296 1447 rhetoris
1318 1399 1530 1446 breuiter
1552 1400 1663 1446 illu·
1719 1448 1721 1450 ,

336 1481 525 1516 stratam
550 1465 881 1528 defenderem,
918 1484 972 1513 ac
996 1467 1160 1531 potius
1179 1466 1308 1515 illius
1336 1465 1661 1514 defendendae

337 1535 575 1584 rationem
595 1532 984 1582 demonstrarem.

873 1644 920 1714 ᾗ,
948 1643 1135 1693 xxm.

438 1734 684 1791 Quoniam
715 1734 954 1799 superiori
980 1734 1134 1799 capite
1165 1732 1488 1783 definitionem
1513 1735 1661 1782 subli—

334 1802 509 1852 mitatis
534 1802 592 1849 ab
615 1815 810 1849 auctore
833 1815 946 1849 sect.
965 1821 1005 1864 7.
1021 1801 1314 1866 propositam
1331 1819 1428 1849 non
1445 1817 1661 1850 accurate

337 1867 734 1927 diiudicauimus‚
771 1867 858 1916 sed
889 1867 1185 1916 ostendimus
1196 1904 1212 1927 ,
1248 1868 1383 1916 aliter
1412 1869 1556 1916 fuisse
1589 1870 1661 1916 in·-

337 1935 629 1984 stituendam
641 1972 657 1995 ,
681 1934 804 1983 illud
825 1953 1013 2000 agemus
1034 1934 1278 1996 hocloco,
1304 1937 1660 2001 supplebimus-

338 2021 457 2067 que,
493 2002 626 2066 quod
646 2002 752 2066 quis
772 2003 840 2050 ibi
864 2001 1127 2061 desiderare
1150 2003 1314 2066 possit.
1371 2004 1659 2067 Apparebit,

335 2084 386 2117 vt
421 2086 587 2133 sper0,
630 2087 727 2117 non
763 2069 864 2118 sine
899 2088 1037 2119 causa
1071 2087 1160 2118 nos
1196 2070 1254 2116 ab
1288 2085 1345 2116 eo
1375 2068 1658 2118 discessisse.

334 2136 499 2184 Verba
518 2154 699 2201 paragr.
725 2155 762 2185 1.
781 2135 922 2201 digna
942 2155 1052 2185 sane
1081 2150 1191 2184 sunt
1210 2135 1409 2184 homine
1427 2137 1660 2184 excellen-

337 2203 397 2251 tis
423 2203 602 2280 ingenii
636 2218 683 2251 et
717 2221 970 2267 generosae
994 2203 1198 2262 indolis,
1241 2218 1381 2267 atque
1418 2205 1559 2253 etiam
1590 2205 1657 2254 101

339 2270 584 2334 copiosius
617 2269 922 2319 illustrandae
951 2284 1154 2337 possunt
1185 2270 1437 2317 insemire:
1474 2268 1558 2317 sed
1595 2284 1659 2318 ta-

334 2354 447 2385 men
477 2335 693 2385 discendi
723 2336 925 2402 cupidos
957 2337 1244 2395 destituunt,
1291 2337 1561 2401 praesertim
1598 2339 1656 2384 ab

335 2403 473 2452 initio
503 2404 697 2482 posita:
724 2405 847 2454 Sunt
881 2407 1006 2453 0111111
1034 2403 1397 2465 tantummodo,
1433 2403 1566 2469 quod
1588 2405 1658 2452 diu

337 2484 478 2531 cunt,
514 2472 754 2534 negatiua,
791 2485 840 2519 et
864 2473 1161 2527 subobscure
1195 2470 1427 2535 quaedam
1450 2471 1659 2519 indicant

338 2554 535 2598 eorum,
573 2555 693 2603 quae
724 2557 822 2586 non
857 2553 966 2587 sunt
986 2538 1221 2587 sublimia.
1280 2537 1553 2586 Secundum
1578 2538 1656 2586 de-

334 2604 630 2667 finitionem,
677 2624 796 2671 quae
838 2607 1009 2655 confici
1044 2624 1068 2654 e
1103 2619 1200 2654 tota
1234 2606 1441 2653 sectione
1477 2620 1657 2670 potest,
1726 2647 1730 2649 ,

335 2671 631 2724 sublimitatis
654 2687 793 2723 notae
819 2674 1016 2723 maxime
1036 2672 1259 2739 propriae
1282 2687 1418 2722 sunt:
1460 2679 1507 2731 Ι)
1530 2691 1655 2736 gau-
