1752 3118
211 254 499 298 LONGINI
546 253 629 294 DE
654 251 828 296 SVBL.
859 253 1025 298 SECT.
1054 258 1250 306 XXXIX.
1346 263 1421 306 135

94 372 306 434 tuimus,
349 369 468 418 huic
502 367 631 415 libro
666 353 936 417 necessario
970 369 1101 417 illud
1134 371 1420 428 addendum

93 468 309 523 videtur,
362 463 666 511 harmoniam
721 479 821 511 non
867 463 1027 512 solum
1070 479 1240 515 natura
1285 470 1418 520 adiu-

91 576 310 612 mentum
350 555 531 606 blande
588 549 805 607 ducendi
860 573 907 608 et
950 559 1254 611 oblectandi'
1284 572 1416 627 e‘s'se3

91 657 178 706 sed
214 654 354 704 etiam
388 678 455 689 —-
487 680 554 690 -
596 667 643 701 et
677 651 890 702 adfectui
923 654 1134 704 mirifice
1163 638 1412 706 inseruire.

86 751 204 801 Non
239 750 399 798 solum
438 747 570 797 enim
603 747 719 796 tibia
753 747 972 797 adfectus
1009 749 1264 816 quosdam'
1285 749 1413 797 exci⁴
1449 766 1478 799 2

84 860 169 908 tat,
207 859 253 894 ct
287 843 536 893 audientes
571 843 706 893 velut
742 840 804 891 de
839 853 964 894 statu
1000 823 1215 896 deiectos
1243 845 1412 896 furore

53 939 263 1007 ‚repleb
293 939 647 1015 ‘impressoque
695 926 876 987 eorum'
907 940 1076 990 animis
1112 938 1304 989 numeri
1336 936 1409 987 in-

83 1053 252 1095 cessu,
286 1034 358 1083 ire
393 1036 525 1101 ipsos
561 1033 622 1081 ad
659 1051 944 1097 numerum,
982 1051 1028 1085 et
1064 1049 1259 1084 cantum
1277 1022 1408 1098 gres-

78 1148 138 1177 su
184 1129 360 1177 imitari
407 1129 563 1192 cogit3
609 1130 692 1177 alii
739 1132 1119 1196 quoque-soni,
1156 1142 1407 1196 quotquot

76 1223 235 1273 vbiuis
270 1237 409 1287 sunt,
454 1223 704 1292 ipsiusque
739 1224 864 1276 adeo
901 1210 1139 1284 citharae,
1183 1224 1270 1273 etsi
1303 1210 1406 1282 men

75 1316 212 1366 lodia
261 1319 455 1383 agnosci
505 1336 605 1366 non
639 1333 828 1388 potest,
870 1307 1103 1392 varietate,
1132 1334 1292 1377 tamen
1325 1335 1401 1377 so-

6 1398 8 1400 ·
75 1433 284 1471 norum,
329 1428 499 1461 mutua
543 1413 721 1463 fidium
755 1414 1029 1480 pulsatione
1063 1433 1119 1463 ac
1155 1399 1401 1481 concentu

72 1509 365 1558 multiformi
415 1526 586 1573 saepe,
645 1523 696 1557 vt
746 1511 902 1571 nosti,
963 1511 1085 1560 mire
1140 1509 1403 1561 oblectant.v

71 1606 175 1654 Iam
221 1621 339 1654 vero
387 1619 522 1650 mera
573 1601 697 1650 haee
753 1603 1012 1653 simulacra
1066 1601 1393 1669 persuasionis
1428 1609 1460 1658 5

69 1715 183 1748 suut
228 1713 276 1748 et
319 1695 553 1758 imitatio,
599 1697 651 1744 in
685 1711 883 1747 naturae
917 1698 1087 1748 locum
1121 1697 1395 1758 substituta,

66 1813 168 1844 non
202 1792 416 1842 naturale
450 1791 710 1841 hominum
742 1811 936 1842 munus·
981 1792 1115 1843 Num
1151 1810 1265 1856 ergo
1302 1790 1394 1839 du·

65 1889 352 1946 bitabimus,
387 1888 791 1954 compositionem
829 1889 1121 1950 verboru-m,
1165 1887 1265 1937 hoc
1304 1896 1412 1952 estj‘

68 1998 360 2032 concentum
392 1983 658 2033 verborum
674 2020 691 2043 ,
743 1969 957 2050 quorum
990 1984 1190 2033 facultas
1226 1982 1391 2030 nobis-

68 2097 182 2125 cum
217 2078 450 2139 nascitur,
487 2092 533 2126 et
569 2078 750 2144 quibus
785 2080 889 2145 ipsa
923 2097 1078 2141 mens,
1111 2095 1212 2126 non
1246 2093 1387 2125 aures

65 2181 251 2215 tantum
283 2181 574 2232 tanguntur,
612 2186 725 2216 cum
760 2170 912 2217 varias
946 2167 1078 2216 ideas
1113 2165 1388 2226 nominum,

64 2257 437 2318 sententiarum,
483 2275 674 2320 rerum,
721 2258 1100 2325 pulcritudinis,
1136 2254 1387 2306 concinni-

61 2348 193 2409 tatis,
240 2331 453 2412 quoirum
490 2347 710 2395 omnium
746 2366 914 2399 sensus
949 2349 1209 2398 nobiscum
1244 2359 1388 2393 natus

64 2451 157 2499 cst,
194 2437 392 2498 excitet,
428 2435 717 2485 adstantium
752 2440 922 2488 animis
956 2457 1049 2489 vna
1085 2455 1199 2486 cum
1232 2435 1385 2486 varie·

61 2541 156 2576 tate
205 2541 251 2574 et
284 2526 506 2574 mistione
541 2543 773 2576 sonorum
807 2529 1053 2578 adfectum
1097 2545 1235 2588 eum,
1279 2540 1383 2589 quo

62 2630 223 2665 orator
259 2616 489 2681 agitatur,
523 2616 777 2683 immittat,
825 2634 872 2668 et
908 2618 1155 2667 auditores
1188 2618 1242 2665 in
1278 2614 1381 2662 eius
