1752 3118
320 285 411 326 3521
616 277 844 322 NOTAE
872 279 965 320 'AD
997 279 1082 321 ‘DE
1112 281 1352 325 SVBLIM.

1049 367 1055 387 Ι

434 393 505 444 Νη
525 408 597 435 τον
613 391 842 444 Διόνυσον,
872 392 1023 447 ἄπορά
1044 393 1078 450 γ’
1097 393 1201 449 ημῖν
1221 394 1477 464 πράγματα
1503 395 1509 398 ’

429 453 608 504 Δαίμων
629 465 691 493 τις
710 452 814 489 EI
786 451 1251 490 ῩΚΕΚΥΚΛΗΚΕΝ
1268 456 1326 494 εἰς
1344 469 1418 501 την
1440 454 1530 492 οἱκί
1529 469 1596 495 αν.

319 507 450 559 Vulgo
482 507 753 554 εἰσκέκληκεν.
809 505 888 543 Sed
921 506 1099 544 alterum
1133 512 1193 543 est
1226 507 1441 546 rotundjus
1467 515 1509 547 et
1544 511 1634 548 ele..

319 563 490 615 gantius.
557 561 750 613 Agnoscit
788 561 911 598 etiam
949 561 1227 600 scholiastes:
1283 563 1632 614 Εισκεκύκληκεν,

318 618 573 671 είσηγεγκεγ,
615 614 844 668 εἰσήγαγεν.
902 612 1040 661 Quare
1058 617 1175 654 nulla
1195 630 1237 654 es
1240 618 1497 668 tdubitatio,
1534 622 1633 671 quin

318 675 377 712 ita
402 672 612 724 scripserit
638 671 1085 715 Comicus.Tov1»1vs.
1143 671 1205 710 De
1238 676 1520 716 ἐπεισκυκλεῖν
1545 676 1633 714 dixi

321 730 373 768 ud
399 738 461 776 11,
495 741 529 766 1.

384 783 456 835 ,αἱς
474 787 544 823 ἐπὶ
564 798 687 825 παπ.
707 783 782 823 τοῦ
802 787 836 823 λ.
857 781 1104 836 διαπτωσει]
1146 783 1305 824 Tollius
1326 786 1383 823 ita
1402 787 1552 825 vertit:
1582 803 1634 827 ao

317 844 355 880 si
368 854 531 893 prorsus
559 839 610 878 ab
627 842 818 877 instituta
840 843 1019 877 oratione
1039 843 1095 877 sit
1120 840 1387 880 aberraturus.
1445 841 1493 880 Id
1510 842 1633 881 habet

316 895 474 946 aliquid
494 894 781 944 ambiguitatis,
837 892 987 931 Patare
1008 894 1098 944 quis
1122 900 1278 945 potest,
1310 908 1405 934 eum
1425 897 1500 935 illa
1520 897 1633 936 dicta

316 950 505 989 statuisse
536 960 613 1000 pro
643 964 704 1003 μη
730 947 938 991 παντελῶς
971 949 1045 988 τοῦ
1070 948 1196 1000 λόγου
1225 948 1407 1007 διαπέσῃ
1437 951 1578 1000 (αὐτός
1609 954 1634 993 ὁ

317 1002 547 1057 οἱκροατης)
559 1034 573 1053 ,
613 1018 661 1042 ne
673 1018 840 1056 prorsas
858 1017 979 1042 sensu
1006 1007 1200 1043 orationis
1231 997 1402 1045 excidat.
1459 1007 1547 1045 Hoc
1570 1009 1635 1046 rei

315 1061 412 1099 satis
441 1065 582 1111 aptum
610 1065 735 1108 esset,
781 1072 858 1098 nec
887 1059 1017 1098 verba
1044 1059 1168 1111 plane
1201 1069 1498 1112 repugnarent:
1535 1075 1633 1102 nam

261 1146 266 1152 .
314 1115 547 1158 διάπτωσις
571 1121 708 1166 potest
733 1115 960 1167 genitiuum
987 1115 1062 1155 τοῦ
1080 1117 1118 1154 λ.
1129 1145 1143 1163 ‚
1171 1120 1219 1153 vt
1252 1129 1389 1154 casum
1407 1118 1528 1156 verbi
1556 1118 1633 1157 ad-

313 1173 503 1210 iunctum
524 1170 697 1219 habere,
728 1177 770 1209 et
795 1170 964 1209 nomine
991 1171 1125 1222 posito
1145 1170 1207 1208 vis
1230 1170 1419 1210 aduerbii
1440 1174 1562 1212 debet
1587 1175 1633 1212 in

314 1227 521 1266 adiectiuo
555 1225 758 1276 παντελής
785 1227 930 1264 ἱηεεεθ.
986 1226 1067 1264 Sed
1088 1225 1198 1264 haud
1229 1226 1353 1264 dubie
1382 1228 1541 1267 Tollius
1562 1230 1632 1268 in.-

313 1283 451 1334 tefligi
485 1281 624 1320 voluit
649 1282 758 1333 quod
783 1282 869 1320 sine
900 1282 1161 1333 ambiguitate
1190 1280 1355 1330 Morus,
1392 1298 1441 1321 ne
1464 1292 1551 1323 tota
1573 1299 1628 1324 or.

314 1339 441 1378 dilabi
461 1338 644 1376 videatur
656 1366 667 1386 ‚
697 1337 808 1389 quod.
830 1342 872 1374 et
891 1337 982 1375 aliis
1000 1337 1136 1375 verbis
1154 1336 1213 1374 ita
1230 1337 1376 1376 licebit
1398 1339 1630 1391 exprimas:

316 1410 366 1434 ne
399 1396 533 1432 omnia
563 1394 666 1432 llaec·
697 1394 817 1432 verba
852 1393 1020 1446 denique
1049 1395 1155 1432 iusto
1193 1407 1313 1432 sensu
1351 1404 1529 1434 careant.
1568 1395 1630 1435 Cf.

264 1471 266 1473 ·
313 1450 495 1489 maxime
515 1447 784 1490 ἀδιάπτωτον
804 1449 940 1498 33,1.

398 1504 859 1547 συναποκινδυνεύειν..
873 1503 1160 1561 .οἷναγκάσας]
1205 1505 1328 1544 Ponit
1346 1505 1386 1544 h.
1408 1506 1439 1544 l.
1460 1514 1501 1546 et
1525 1506 1566 1561 5.
1589 1507 1630 1546 5.

314 1568 420 1602 e.xtr
450 1560 656 1612 Longinus
679 1562 885 1600 auditores
902 1562 965 1599 sui
982 1562 1157 1610 similes,
1186 1561 1231 1600 id
1250 1569 1330 1610 est,
1362 1562 1522 1611 doctos,
1558 1570 1629 1602 at-
1675 1564 1678 1566 ’

312 1625 448 1658 tentos
470 1623 511 1654 et
526 1617 664 1654 animo
683 1618 733 1655 ad
755 1616 1031 1672 συμπάθειαν
1049 1618 1170 1656 molli
1183 1617 1402 1669 praeditos,
1430 1617 1570 1656 Nam'
1557 1632 1628 1656 in-
1646 1623 1650 1627 “

312 1673 448 1721 docti,
478 1673 696 1710 oscitantes
718 1679 759 1711 et
779 1673 875 1711 duri
904 1673 957 1711 ad
987 1680 1121 1712 motus
1145 1673 1371 1712 dicentium
1391 1674 1627 1712 sentiendos

310 1728 503 1782 periodos
522 1725 661 1778 lo'ngas
681 1734 722 1766 et
742 1728 959 1780 impeditas
980 1728 1030 1766 ad
1051 1742 1093 1766 se
1115 1742 1200 1766 non
1223 1728 1398 1766 multum
1410 1729 1624 1779 pertinere

310 1790 470 1837 putant.
497 1783 637 1834 Itaque
655 1796 739 1821 non
756 1784 947 1822 laborant
968 1797 1063 1821 cum
1082 1790 1272 1831 oratores
1284 1796 1416 1834 neque
1434 1797 1527 1821 cum
1547 1797 1626 1822 an-

308 1840 464 1878 xietate
474 1838 647 1889 quadam
666 1845 922 1890 exspectant,
941 1839 1087 1891 quibus
1097 1840 1265 1877 tandem
1281 1838 1418 1877 verbis
1431 1839 1504 1877 ille
1516 1840 1624 1889 (for-

308 1901 417 1936 tasse
432 1894 514 1931 iam
535 1893 667 1931 minus
683 1895 830 1932 sollers
850 1894 1038 1933 minusue
1059 1899 1232 1942 memor)
1253 1895 1501 1932 sententiam
1524 1908 1624 1933 coe-

308 1957 423 2002 ptam
443 1949 751 2001 periodumque‚
771 1957 832 1988 tot
849 1950 1043 1988 membris
1064 1950 1294 1987 interiectis
1316 1949 1622 2000 amplificatam,

308 2007 363 2043 sit
380 2004 653 2044 absoluturus.
698 2006 785 2047 Sed
796 2005 903 2053 illos,
928 2019 1028 2057 quos
1040 2004 1244 2057 Longinus
1261 2004 1391 2056 fingit,
1414 2004 1624 2044 auditores

308 2066 450 2099 orator
463 2062 700 2113 periculosis
718 2069 758 2100 et
779 2064 903 2100 errori
919 2062 1099 2100 obnoxiis
1114 2062 1365 2115 hyperbatis,
1391 2061 1424 2097 si
1443 2046 1624 2100 feliciter

306 2116 487 2168 denique
506 2115 644 2154 omnia
664 2118 967 2165 terminantur,
998 2117 1129 2154 multo
1162 2117 1287 2168 magis
1314 2114 1548 2164 ἐκπλήττει,
1577 2118 1622 2154 in

307 2173 612 2211 admirationem
631 2187 722 2211 oum
742 2175 945 2227 voluptate
966 2176 1225 2212 coniunctam
1245 2172 1403 2225 abripit.

355 2256 359 2259 -
391 2226 438 2267 τό
458 2226 595 2267 πάλαι
609 2229 723 2276 ζητ..
763 2227 1104 2283 ,προσαποδοὺςἾ
1133 2228 1353 2266 Noniecte
1373 2226 1532 2278 accepit
1551 2226 1622 2265 vir

307 2282 576 2321 doctissimus.
631 2281 720 2323 Ἐπὶ
739 2287 802 2324 τέ)
806 2300 840 2327 ει
862 2282 1220 2337 προσαποδοῦναι
1255 2290 1315 2321 est
1339 2286 1384 2322 in
1399 2285 1492 2333 sne
1521 2290 1620 2320 tan-

307 2339 395 2376 dem
416 2336 607 2408 proferre.
665 2338 882 2392 Dionysius
904 2340 1035 2378 Halic.
1067 2341 1159 2381 Art.
1190 2339 1310 2378 Rhet.
1327 2352 1414 2390 cap.
1434 2350 1471 2376 2.
1503 2339 1621 2377 Ποτὲ

306 2395 384 2448 μὲν
406 2398 447 2433 ἐν
467 2393 580 2451 αρχῆ
595 2399 802 2445 χρηστέον
825 2412 880 2446 τι»
905 2394 1020 2445 τύπῳ
1041 2395 1194 2445 τούτῳ,
1223 2397 1327 2435 ποτὲ
1351 2394 1394 2434 δὲ
1412 2397 1487 2432 καὶ
1504 2395 1544 2431 F
1545 2393 1624 2432 Hl

310 2451 507 2489 ΤΕΛΕῙ.
564 2454 661 2488 flac
681 2451 840 2491 dicendi
849 2453 988 2505 jbrma
1011 2466 1118 2491 nunc
1137 2454 1181 2489 in
1192 2453 1409 2504 principio,
1440 2463 1548 2487 nanc
1569 2461 1618 2486 IN

304 2517 402 2544 nm:
425 2505 613 2544 vtendam
639 2513 710 2546 est.
753 2507 788 2545 Γ
789 2521 944 2547 OVP1VS.
1000 2506 1288 2557 Robortellus,
1317 2506 1461 2553 Petra,
1487 2504 1618 2543 Faber

307 2567 348 2598 et
365 2561 525 2601 Tollius
544 2562 784 2610 obseruant‚
814 2563 912 2601 dum
947 2563 996 2601 de
1023 2563 1254 2615 hyperbato
1279 2563 1442 2603 locutus
1472 2560 1523 2597 sit
1542 2573 1617 2597 au-

305 2621 420 2664 ctor,
446 2617 569 2668 longo
586 2617 720 2668 ipsum
741 2618 974 2670 hyperbato
997 2633 1117 2657 vsum
1143 2631 1240 2657 esse.
1297 2618 1400 2656 Casu
1429 2615 1508 2656 hoc
1536 2628 1615 2666 po-
1677 2637 1681 2642 -

305 2671 388 2710 tius
401 2671 559 2725 factum
576 2678 658 2724 est,
686 2686 808 2726 quam
826 2688 902 2729 per
920 2675 1150 2716 iocularem
1167 2674 1472 2714 imitationem-²
1510 2670 1615 2710 Nam
1661 2684 1663 2686 ·

1736 699 1752 861 umam—4426&
1732 539 1752 685 ..xo-*w-J',--
1745 501 1752 511 -
1750 441 1752 462 -.
1750 419 1752 421 .
1750 379 1752 381 .
