1752 3118
421 307 424 310 -
495 274 1061 340 sizcrloN.xx⁷1.§..2
1367 286 1446 328 331

127 406 274 460 πρεσβ.
299 418 338 457 p.
352 401 447 456 294.
479 399 554 457 ‘Hy
554 416 587 441 ει
573 402 661 441 ”’ται
683 399 739 449 δὲ,
769 392 873 440 ὅταν
894 415 935 440 τι
956 397 1180 452 ψεύδηται,
1214 397 1296 440 τῶν
1317 399 1451 454 λόγων

129 460 337 501 ΟΡΚΟΣ
348 457 543 499 ΚΑΤΑ
529 416 696 496 γΤΩΝ
713 453 1181 496 ΛΝΑΙΣΧΤΝΤΩΝ
1216 455 1450 496 ΟΦΘΛΛ-

127 517 293 558 ἉῙΩΝ.
348 513 410 552 lt'a
430 511 675 551 scribendus
694 512 772 550 iste
794 510 944 548 locus:
974 509 1085 562 quod
1106 516 1148 548 et
1165 515 1279 548 recte
1303 512 1451 550 obser-

125 572 244 611 vauit
265 570 317 610 cl.
341 568 606 607 Casaubonus
624 566 677 605 ad
696 564 1042 618 Theophrastum.
1092 564 1234 604 Iurare
1252 578 1330 619 per
1347 580 1453 606 ocu-

124 627 190 666 los
217 624 327 665 haud
357 624 611 663 inusitatum.
667 620 788 661 Haud
814 621 940 663 aliter
966 621 1144 674 Cyclops
1171 620 1283 673 apud
1311 620 1453 660 Theo-

127 682 281 721 eritum
306 679 372 720 VI.
393 692 460 720 22.

317 759 430 768 ——
459 733 522 777 Οὐ
549 733 624 776 τόν
643 732 747 790 ὲμόν
773 731 846 774 τόν
861 730 943 775 ἐ’να
967 732 1140 790 γλυκύν,
1170 749 1203 784 ῳ
1223 731 1455 789 ποθόρημι,

220 795 300 837 Εἰς
319 794 434 836 τᾱος
449 813 553 823 -—-
635 817 637 819 -
1188 788 1225 829 Γ
1228 803 1387 832 ovrivs

124 847 235 890 Illud
252 847 364 889 κατοέ
382 853 610 912 praeeunte
631 845 794 898 Toupio
812 846 966 899 recepi.

211 910 269 948 εἰς
284 904 387 953 ὑπερ
419 902 547 945 άὶλον
567 899 682 970 ὕψος
699 906 775 942 καὶ
789 902 959 956 πάθος]
993 901 1154 946 Παθος
1176 901 1225 940 ab
1251 901 1333 941 hoc
1356 902 1454 941 loco

127 959 323 1000 alienum.
417 972 566 1012 epone:
595 954 710 1023 υψος
727 961 802 998 καὶ
817 957 972 1012 βάθος.
1028 958 1261 1010 Vtrumque
1279 957 1458 997 coniun-

127 1016 189 1068 git
215 1014 471 1055 Seet.11.ec
498 1014 610 1056 ἔστιν
640 1010 780 1068 ὕψους
809 1029 871 1058 τις
898 1013 926 1079 ἢ
943 1013 1112 1079 βάθους
1133 1016 1286 1067 τέχνη.
1306 1012 1459 1052 erm-

128 1083 293 1111 xnmvs.
362 1070 548 1123 Diligens
578 1076 638 1108 est
662 1069 872 1122 Longinus
901 1071 946 1109 in
983 1069 1162 1118 ordine,
1216 1081 1339 1123 quem
1367 1069 1460 1124 ipse

128 1126 679 1180 p10p051101at‚ser11and0.
735 1126 1060 1179 figuraeigitui
1084 1125 1255 1163 nomine
1272 1132 1461 1178 apostro-

125 1183 235 1235 phen
266 1180 450 1235 appellat
479 1181 784 1230 iusiurandum,
814 1181 924 1235 quod
950 1194 1026 1234 pe]
1055 1193 1098 1218 se
1128 1192 1213 1218 non
1233 1186 1293 1218 est
1314 1179 1460 1231 figura.

129 1236 198 1276 Ob
228 1237 400 1275 eandem
431 1250 596 1275 causam
627 1249 712 1275 non
741 1243 804 1276 est
831 1237 1069 1289 probabile,
1112 1247 1205 1276 eum
1225 1234 1293 1273 hic
1315 1247 1461 1273 rursus

128 1292 294 1345 aliquid
331 1298 398 1330 vt
408 1291 555 1335 πάθος
591 1292 850 1331 considerari
887 1291 1080 1331 voluisse.
1148 1289 1343 1330 Ceterum
1378 1303 1460 1341 pro

128 1347 295 1402 βάθος,
325 1347 438 1400 quod
460 1347 708 1387 auctoritate
728 1347 971 1387 Ruhnkenii
999 1347 1144 1401 posui,
1174 1345 1299 1384 etiam
1324 1344 1463 1402 βάρος

129 1403 308 1442 fortasse
329 1403 498 1466 probari
517 1403 661 1464 possit.
706 1403 827 1450 Quod
845 1410 982 1442 autem
1005 1402 1056 1441 ad
1075 1415 1166 1441 rem
1185 1401 1354 1450 attinet,
1385 1401 1464 1440 ad·-
1480 1405 1481 1409 ’

130 1458 319 1497 mirabili
345 1459 553 1498 acumine
568 1465 714 1498 auctor
735 1459 823 1498 vim
853 1472 1020 1498 omnem
1045 1457 1160 1496 illius
1187 1431 1464 1497 iurisiurandi

131 1527 210 1567 per
232 1520 365 1552 totum
386 1514 466 1554 hoc
486 1521 610 1567 caput
628 1522 871 1567 persecutus
893 1522 968 1555 est.

218 1569 430 1611 παιώνιον
456 1568 606 1623 λόγον]
649 1570 779 1611 Clem.
810 1571 929 1609 Alex.
962 1570 1132 1623 Paedag.
1159 1583 1200 1623 p.
1229 1571 1294 1623 95.
1323 1569 1463 1622 bapti-

131 1639 269 1665 smum
283 1626 466 1678 adpellat
486 1626 697 1667 παιώνιον
716 1626 967 1681 φάρμακον,
985 1626 1182 1666 salubrem
1197 1629 1361 1680 peccati
1378 1640 1465 1665 me-

132 1682 323 1721 dic-inam.
352 1681 421 1720 Sic
443 1694 539 1734 ergo
551 1682 831 1722 restituendus
852 1689 915 1722 est
932 1681 1043 1734 Hesy
1047 1681 1132 1720 chii
1143 1682 1281 1722 locus:
1305 1679 1464 1723 Παιώ-

106 1764 111 1770 1
132 1752 227 1778 νιον
242 1736 502 1789 φάρμακον·
533 1736 789 1780 καταπαῦον
801 1737 975 1781 ὀδύνας.·
1006 1751 1099 1776 nam
1116 1737 1234 1776 locus
1253 1737 1341 1788 ille,
1368 1737 1465 1789 opi-

132 1805 235 1841 nor,
273 1792 539 1832 distinctione
567 1794 766 1833 laborat'
753 1809 800 1833 111
821 1794 1084 1833 editionibus.
1126 1793 1290 1834 Monvs.
1344 1793 1465 1832 Adde

132 1848 274 1886 locum
304 1849 555 1899 Plutarchi,
606 1851 729 1902 quem
765 1850 1026 1894 doctissimus
1063 1848 1306 1888 Tzschucke
1332 1848 1466 1886 amice

134 1903 239 1941 mihi
270 1904 591 1956 suppeditauitf
613 1906 658 1943 111
680 1905 977 1972 Consolatione
1004 1904 1060 1943 'ad
1082 1904 1351 1956 Apollonium
1370 1902 1467 1944 Vol

137 1958 204 1998 VI.
236 1959 298 1997 ed.
326 1959 474 1998 Reiske
506 1976 545 2013 p.
574 1961 677 2013 449:
708 1961 753 2003 τό
786 1961 941 2027 ἀλγουν
965 1960 1038 2011 τῆς
1067 1969 1210 2017 ψυχης
1235 1958 1465 2013 ἀποθερα-

139 2012 277 2055 πεύειν
301 2017 544 2060 natanaelem
564 2016 691 2068 λόγου
715 2016 982 2074 φαρμάκοις.

222 2071 278 2115 ιὸς
301 2074 680 2134 κουφιζομένους..
696 2075 1023 2126 ,παρίστασθαι
1039 2046 1232 2126 φρονεῖν]
1247 2071 1467 2110 Assentior

138 2126 333 2166 Hudsono
345 2127 499 2178 legenti
515 2130 732 2185 κουφιζομ
736 2131 858 2172 ένοις
868 2128 976 2180 quod
988 2128 1225 2180 elegantius.
1240 2126 1468 2180 Dionysius

137 2182 321 2221 Halicar.
352 2182 490 2234 Antiq.
519 2182 638 2223 Rom.
663 2145 732 2223 Χμ
745 2187 809 2224 28.
842 2184 1176 2226 PPMAIOIZ'
1196 2182 1240 2223 δὲ
1263 2183 1374 2235 dioec,
1402 2182 1469 2226 οἷς

139 2241 287 2288 ἑτέρων
321 2237 468 2290 ἄρχειν
508 2238 692 2291 πάτοιόν
726 2244 840 2289 ἐστι,
882 2239 933 2281 οὐ
970 2214 1472 2282 ΠΛΡΛΣΤΗΣΕΤΑΙ

138 2293 273 2334 ταῦτα
304 2298 397 2346 περὶ
421 2294 578 2336 ἑαυτῶν
599 2297 892 2338 ΦΡΟΝΕΙΝ.
951 2295 1104 2335 Confer
1134 2295 1188 2333 cl.
1210 2294 1394 2333 Doruill.
1416 2293 1469 2335 ad

141 2349 171 2386 C
174 2350 296 2388 hamt
326 2363 364 2401 Ρ
383 2349 477 2402 591.
513 2351 594 2389 Sed
614 2351 722 2390 nihil
747 2359 875 2391 muto.
913 2353 1156 2403 Anonymus
1177 2350 1294 2389 Orat.
1313 2350 1472 2390 Funeb.

141 2405 184 2443 in
209 2404 465 2444 Constantin.
495 2419 534 2457 p.
559 2407 652 2462 703.
681 2406 754 2446 Ed.
775 2407 951 2447 flavere.
983 2410 1078 2448 Καὶ
1098 2409 1140 2447 τί
1155 2406 1469 2447 ΠΑΡῙΣΤΑ-

144 2462 187 2500 '1'
183 2462 258 2501 AI
282 2453 575 2502 ΦΡΟΝΕῙΝ
590 2464 769 2503 ΤΜΑΣ
792 2467 862 2503 ἐπὶ
894 2479 959 2504 τοι
964 2478 983 2507 ς
1022 2462 1121 2516 ἄρτι
1152 2461 1470 2525 συμβεβηκόσι·

140 2516 263 2562 Quod
303 2516 498 2581 inprimis
526 2518 770 2558 notandum.
823 2519 915 2558 Huc
950 2520 1053 2558 facit
1082 2518 1284 2583 Polybius
1316 2518 1367 2558 lI.
1402 2518 1472 2570 59.

143 2575 241 2612 Και
242 2585 318 2625 τεο
335 2571 358 2611 ὁ
374 2586 425 2612 σι
427 2589 477 2626 72
478 2571 638 2624 οαφεύς
651 2573 909 2628 βουλόμενος
925 2576 1063 2623 αὔξειν
1085 2573 1216 2614 αὐτοῦ
1235 2572 1310 2622 τήν
1327 2573 1469 2623 δόξαν,

142 2633 218 2667 καὶ
246 2629 790 2692 Π»1ΡΑΣΤΗΣΑΣΘΛῙ
822 2632 980 2672 'Pom'
1006 2629 1388 2670 ΛΚΟΥΟΝΤΛΣ
1412 2634 1472 2673 εἰς

143 2683 198 2725 w}
211 2684 373 2739 μᾶλλον
394 2683 507 2736 αύτῳ
528 2690 862 2741 συναγανακτεῖν
881 2685 952 2739 ἐφ’
965 2686 1029 2731 οἷς·
1046 2685 1222 2726 ἔπαθεν.
1261 2685 1470 2727 Tovr1v8.
