1752 3118
170 253 450 298 LONGINI
477 248 556 292 DE
582 246 743 290 SVBL.
773 246 945 288 SECT.
978 247 1166 292 XXXIX.
1184 249 1272 291 XL.
1312 249 1391 303 139

76 389 190 419 cum
228 382 393 418 contra
428 382 519 414 vna
555 376 738 412 exemta
772 361 972 431 syllaba,
1005 361 1070 419 ὤς
1092 359 1247 426 νέφος
1279 380 1393 411 con-

75 458 288 510 cidcudo
322 453 666 506 sublimitatem
700 451 901 500 mutilet.
970 450 1175 514 Rursus,
1211 452 1251 499 si
1285 453 1393 500 lon-

74 551 180 615 gius
223 545 418 602 feceris,
463 542 750 608 παρελθεῖν
791 540 1036 608 ἐωοίησεν
1070 542 1283 607 ὦςωερεὶ
1318 539 1396 590 νέ-1

74 659 198 704 (sog,
240 636 374 686 idem
417 633 743 698 significatur,
779 630 877 680 'sed
921 649 1019 680 non
1065 631 1200 681 idem
1248 649 1395 679 sonus

77 743 169 788 cst,
231 726 466 792 quoniam
512 722 780 772 sublimitas
823 721 1011 770 excelsa
1073 736 1396 770 extremarum

31 833 39 842 ⁹
75 817 372 885 syllabarum
404 810 714 879 longitudine
748 812 960 861 soluitur
996 826 1043 861 et
1076 812 1277 863 laxatur.

543 1035 754 1086 SECT.
811 1034 929 1084 XL.

75 1151 313 1243 Inprimis
346 1171 682 1221 membrorum
716 1170 937 1235 plurium
973 1171 1264 1234 compositio
1289 1189 1422 1221 ora·-

75 1263 227 1326 tioni,
263 1276 316 1311 vt
352 1262 563 1327 corpori,
598 1258 979 1325 magnitudinem
1013 1258 1243 1323 largitur,
1277 1279 1402 1327 quo«

76 1371 185 1401 rum
232 1370 384 1401 vnum
427 1353 488 1400 ab
532 1352 684 1399 altero
731 1348 1006 1397 seiunctum
1055 1368 1145 1415 per
1192 1368 1243 1400 se
1277 1351 1404 1399 nihil

76 1443 380 1509 praeclarum
413 1440 589 1500 habet,
637 1457 750 1488 cum
784 1438 949 1487 omnia
983 1438 1286 1489 coniunctim
1317 1455 1402 1490 to-

77 1547 183 1582 tum
226 1530 497 1579 absoluant.
563 1529 801 1577 ”Similiter
847 1546 1046 1592 magna,
1093 1530 1133 1578 si
1163 1531 1323 1579 soluta
1358 1546 1404 1581 et

75 1623 131 1673 in
168 1620 385 1669 diuersas
421 1633 580 1683 partes
616 1616 832 1683 dispersa
867 1618 990 1681 sint,
1035 1620 1176 1668 etiam
1208 1620 1405 1685 magni-

78 1711 300 1760 tudinem
336 1726 471 1758 suam
506 1725 668 1757 secum
708 1706 972 1773 dissipant3
1016 1707 1104 1756 sed
1140 1723 1406 1775 coagmen-u¹

78 1801 228 1850 tando
274 1801 325 1848 in
360 1817 513 1868 ignum
551 1815 732 1865 corpus
778 1797 1068 1861 coniuncta,
1111 1789 1406 1865 numerique

79 1891 282 1939 vinculo
341 1890 596 1952 conclusa,
676 1888 784 1954 ipso
833 1888 933 1936 hoc
984 1889 1170 1937 ambitu
1215 1902 1407 1938 ”sonora

80 1981 232 2028 fiunt:
272 1994 318 2029 et
350 1993 510 2045 potest
543 1977 829 2042 magnitudo
856 1978 908 2027 in
932 1977 1151 2044 periodis
1177 1979 1406 2027 colle-ctio

84 2069 416 2118 multitudinis
453 2068 565 2116 dici.
637 2067 739 2116 Sed
783 2067 894 2116 satis
928 2086 956 2115 a
989 2085 1068 2116 me
1100 2065 1408 2117 demonstra·

83 2174 190 2208 tum
226 2174 310 2222 est,
345 2159 527 2221 multos
561 2173 729 2223 poetas
757 2157 977 2223 aliosque
1002 2158 1282 2225 scriptores,
1307 2177 1408 2207 non

87 2250 220 2298 celso
269 2248 464 2313 ingenio
507 2246 779 2314 praeditos,
823 2266 879 2297 ac
912 2249 1112 2298 fortasse
1147 2247 1211 2297 ad
1244 2249 1409 2297 subli-

82 2339 300 2388 mitatem
342 2357 442 2388 non
485 2341 663 2402 factOS,
706 2337 930 2405 quamuis
963 2334 1256 2406 plerumque
1290 2340 1411 2388 vul-

88 2427 219 2493 gari,
267 2428 378 2477 trita
413 2444 459 2479 et
493 2448 667 2495 parum
701 2428 901 2478 sublimi
937 2431 1155 2481 oratione
1189 2431 1262 2479 vsi
1296 2431 1411 2491 sint,

86 2534 248 2567 tamen
292 2537 386 2567 vna
435 2521 801 2586 compositione·
833 2538 1092 2576 numerosa
1127 2521 1408 2586 opinionem

90 2609 398 2658 sublimitatis
434 2625 480 2659 et
516 2609 819 2660 celsitudinis
854 2612 946 2660 sibi
983 2611 1282 2672 conciliasse,
1320 2627 1410 2658 su-
