1752 3118
484 268 786 311 SEctrlo-N.
818 269 919 309 VIII.
944 269 1050 324 §.1.·
1351 268 1429 312 265

105 385 147 417 et
165 380 364 432 ambigue.
419 381 615 420 Deterius
634 381 768 420 multo
786 380 835 430 is,
864 380 935 432 qui
951 381 1138 420 versioni
1152 381 1330 422 Boilauii
1343 388 1434 422 'no-‘

102 441 165 472 tas
185 435 351 484 adiecit,
373 441 439 478 De
456 436 517 477 Sc.
538 439 663 477 Marc
676 452 693 486 ,ᾖ
721 436 792 488 qui
812 436 922 475 verti
938 436 1128 476 debuisse
1149 437 1365 489 significat:
1396 440 1433 477 le

104 492 234 529 talent
252 492 300 531 de
317 493 358 530 Ia
374 493 533 546 parole.-
563 499 605 531 et
621 492 756 531 addit:
788 491 903 541 „Par
927 491 970 530 la
997 491 1273 543 signification
1292 506 1372 544 que
1391 493 1431 544 je

101 545 238 584 donne
267 547 291 584 a
312 559 378 585 ces
404 554 532 597 mots,
571 549 940 604 προϋποκειμένης
1043 546 1280 603 δυνάμεως,
1303 563 1430 600 prae-

102 604 330 641 cem-tituta
347 603 509 642 dicenda·
527 604 763 658 facultate,
790 604 830 656 je
857 615 1034 656 suppose
1060 616 1140 655 que
1171 601 1329 654 Longin
1360 617 1429 641 re—

100 656 263 708 gardoit
282 657 323 696 le
345 659 479 698 taient
496 659 548 698 de
566 660 608 698 la
632 660 778 711 parole
795 688 806 708 ,
834 659 877 698 la
900 659 1057 698 iaculte
1093 658 1145 697 de
1163 659 1259 697 bien
1274 658 1429 710 parler,

101 725 262 752 comme
293 715 471 766 quelque
502 715 625 754 chose
653 715 724 767 qui
743 728 786 753 se
808 721 910 767 peut
929 714 1133 766 aequerir.
1188 713 1287 752 Cela
1308 714 1349 750 n’
1369 720 1432 752 est

99 768 190 807 vrai
210 781 289 819 que
306 769 443 822 jusqu’
471 772 494 809 a
520 784 578 809 un
599 771 756 809 certain
776 770 908 823 point.
963 769 1067 808 Mais
1092 770 1127 808 c'
1151 769 1256 808 etoit
1286 768 1316 807 l’
1335 769 1428 821 opi-

99 824 202 863 nion
232 824 304 862 des
330 825 558 866 Anciens.“
615 826 864 865 fluctuatur
891 825 987 874 ille,
1016 831 1062 864 vt
1087 831 1284 877 apparet,
1314 836 1428 862 nunc

97 879 313 932 appellans
341 881 383 920 Ia
405 884 570 935 parole,
607 882 649 921 h.
681 895 715 921 e.
755 881 999 920 facultatem
1028 893 1149 919 sonos
1184 879 1429 918 articulatos

97 934 269 984 edendi,
298 950 376 988 qua
399 937 679 977 discernimur
703 952 727 976 a
750 937 907 985 brutis,
935 950 1048 975 nunc
1070 938 1112 976 la
1117 937 1251 990 sapon
1268 937 1316 974 de
1338 935 1431 974 bien

93 992 250 1044 parler,
288 992 328 1031 h.
359 1006 393 1033 e.
419 993 525 1031 bene
558 993 758 1046 loquendi
794 993 1061 1041 facultatem,
1104 1004 1209 1044 quae
1236 990 1429 1030 homiues

96 1047 202 1085 bene
220 1047 433 1088 institutos
451 1056 492 1087 et
510 1049 701 1088 excultos
725 1047 927 1086 discernit
945 1048 995 1087 ab
1017 1047 1226 1099 imperitis
1247 1052 1289 1086 et
1307 1046 1429 1085 rudi·-

94 1103 185 1141 bus.
234 1102 315 1142 Sed
337 1103 659 1155 quorsumhaec
681 1104 786 1155 ego?
815 1110 862 1142 vt
887 1102 1119 1155 Longinum
1139 1117 1164 1141 a
1184 1114 1427 1154 repugnan-

92 1158 152 1196 tia
171 1158 361 1197 liberem.
421 1159 582 1212 Nempe
585 1161 775 1213 facultas
796 1159 977 1207 dicendi,
1005 1158 1234 1200 secundum
1261 1157 1428 1195 Latinos

91 1213 313 1261 rhetores,
343 1221 404 1253 est
424 1228 508 1253 vno
529 1215 660 1253 verbo
682 1216 909 1268 eloquentia
923 1231 935 1252 :
962 1227 1081 1265 atque
1100 1213 1158 1251 ita
1178 1212 1429 1264 complecti-
1484 1250 1489 1254 ,

92 1275 164 1307 tur
185 1282 280 1307 cum
301 1276 460 1309 ceteras
478 1277 589 1309 artes
620 1270 819 1319 oratoris,
849 1276 939 1308 tum
968 1269 1101 1320 ipsam
1128 1269 1216 1306 vim
1246 1268 1430 1306 sublimis·

92 1326 299 1365 dictionis.
327 1325 409 1364 Iam
430 1326 503 1378 qui
522 1339 544 1364 e
558 1324 688 1364 fundo
706 1326 794 1364 siue
814 1325 903 1363 solo
925 1339 1017 1364 rem
1040 1323 1143 1363 dicit
1163 1323 1281 1372 oriri,
1301 1336 1428 1375 quam

92 1380 227 1432 ipsam
248 1381 364 1421 illius
384 1381 506 1420 fundi
525 1381 613 1420 siue
641 1381 719 1420 soli
751 1387 915 1434 partem
944 1393 1030 1419 esse
1062 1380 1230 1428 statuit,
1259 1379 1295 1417 is
1313 1377 1427 1418 haud

91 1435 217 1474 dubie
238 1437 316 1475 sibi
338 1443 562 1490 repugnat:
591 1450 677 1475 non
697 1437 808 1475 enim
829 1442 871 1474 et
893 1436 1036 1475 adesse
1062 1435 1145 1473 iam
1165 1448 1231 1474 res
1256 1441 1298 1473 et
1327 1440 1442 1485 post·

92 1491 197 1530 oriri
220 1498 378 1543 potest3
406 1506 490 1532 non
513 1506 611 1545 pars
635 1491 727 1541 soli,
747 1506 798 1531 ex
821 1506 902 1544 quo
922 1493 1060 1531 sontes
1078 1490 1257 1542 quinque
1275 1489 1424 1528 oriun-

90 1553 186 1596 tur,
228 1560 280 1586 ex
316 1548 381 1588 his
408 1548 508 1601 ipsis
537 1548 722 1586 fontibus
748 1554 887 1601 potest
904 1548 1019 1586 oriri.
1076 1546 1132 1585 Vt
1149 1546 1335 1585 breuiter
1355 1544 1424 1583 di-

92 1607 184 1641 cam
194 1632 206 1652 ‚
237 1604 443 1656 Longinus
468 1604 537 1643 hic
559 1603 739 1656 intelligi
758 1605 853 1643 vult
882 1620 902 1642 e
916 1605 961 1642 lo
975 1606 1117 1642 catio
1130 1604 1212 1640 nis
1229 1602 1423 1655 faculta-

92 1666 182 1697 tem.
244 1662 327 1700 Iam
347 1673 425 1712 per
446 1673 489 1698 se
507 1657 686 1714 δύναμις
707 1658 961 1712 simpliciter
988 1658 1070 1696 hoc
1097 1670 1219 1696 sensu
1237 1657 1422 1709 poneba-r

91 1720 159 1752 tur
172 1743 182 1763 ‚
204 1714 250 1754 id
269 1716 379 1768 quod
396 1714 564 1754 Ernesti
589 1715 633 1753 in
657 1714 814 1753 Lexico
840 1714 1022 1753 technol.
1049 1713 1122 1753 Gr.
1140 1712 1205 1751 rh.
1223 1712 1297 1750 sub
1319 1712 1361 1751 h.
1380 1725 1422 1749 v.

90 1770 281 1809 ostendit.
339 1771 420 1810 Sed
445 1778 492 1810 vt
511 1784 559 1809 eo
580 1770 733 1809 clarius
754 1777 876 1819 esset,
905 1783 990 1808 nou
1012 1768 1314 1807 sententiarum
1334 1766 1423 1805 siue

89 1839 233 1864 rerum
263 1826 611 1866 inueniendarum
640 1827 872 1866 sollertiam
908 1825 978 1864 hic
1018 1823 1147 1862 'simul
1185 1822 1423 1875 significari,

90 1881 254 1921 addidit
274 1889 422 1922 auctor
441 1887 483 1924 ἐν
504 1882 560 1931 τῷ
581 1884 734 1937 λέγειν,
762 1897 840 1935 pro
860 1895 939 1934 quo
961 1881 1101 1918 dicere
1120 1885 1289 1931 poterat
1307 1882 1350 1919 ἐν
1369 1877 1423 1935 τῇ

89 1938 213 1986 λέξει,
254 1939 367 1990 quod
396 1946 443 1978 vt
470 1938 598 1990 magis
630 1938 832 1978 vsitatum
861 1935 1118 1988 ambiguitati
1153 1934 1422 1973 occurrisset.

90 1993 205 2031 Vnus
238 1994 540 2046 interpretum,
581 2008 683 2046 quos
713 1994 896 2042 contuli,
924 1992 955 2031 I.
985 1991 1031 2031 G.
1062 1989 1299 2038 Schlosser,
1328 2002 1422 2027 rem

87 2048 219 2099 ipsam
240 2057 403 2088 secutus
429 2057 545 2090 recte
574 2051 706 2089 verba
733 2050 861 2101 cepit:
898 2062 995 2086 nam
1027 2046 1208 2085 Graecae
1239 2045 1421 2096 linguae,

89 2110 137 2141 vt
155 2103 242 2155 ipse
268 2097 448 2156 fatetur,
485 2106 624 2145 minus
653 2113 744 2145 erat
769 2118 932 2157 gnarus,
990 2101 1128 2141 Vertit
1166 2101 1264 2139 ille:
1295 2103 1422 2140 Denn

90 2160 158 2197 ich
193 2169 297 2200 setze
333 2162 396 2200 dle
425 2162 726 2203 Beredsamkeit
772 2163 829 2201 de
838 2176 858 2200 s·
894 2163 938 2201 A
947 2175 974 2198 ιι
985 2174 1004 2197 s
1015 2160 1074 2197 dr
1084 2173 1111 2196 u·
1123 2173 1145 2196 c
1157 2157 1182 2195 k
1192 2171 1213 2195 s
1257 2170 1421 2196 vorans.
1484 2212 1487 2214 ,

88 2214 261 2255 Frustra
282 2217 373 2268 quis
392 2225 595 2270 opponat,
624 2218 756 2257 multa
778 2217 901 2255 etiam
935 2216 986 2253 ad
1009 2212 1292 2251 elocutionem
1318 2224 1418 2264 per-

89 2270 288 2321 tinentia,
318 2273 497 2312 maxime
518 2274 617 2313 inde
646 2288 669 2312 a
687 2280 786 2312 sect.
809 2271 871 2311 16.
903 2268 1122 2322 explicari.
1178 2267 1275 2306 Non
1303 2267 1418 2306 enim

86 2326 145 2363 ibi
164 2334 389 2379 praecepta
407 2329 655 2368 elocutionis
672 2330 896 2368 traduntur
913 2325 1066 2379 ignaris
1079 2354 1090 2373 ,
1119 2320 1193 2362 sed
1212 2323 1334 2362 breui
1356 2323 1418 2361 si-

89 2382 351 2432 gnificatione
372 2391 644 2436 repetuntur,
673 2392 720 2424 vt
740 2386 822 2424 iam
843 2390 943 2422 nota
957 2412 967 2431 ‚
997 2395 1078 2433 quo
1099 2378 1251 2418 deinde
1274 2385 1418 2417 osten-

90 2437 133 2474 di
153 2440 303 2490 possit,
333 2446 534 2492 quatenus
558 2454 604 2478 ea
623 2441 844 2480 sublimem
864 2440 1020 2478 faciant
1038 2436 1285 2474 orationem.

174 2488 223 2543 ’ἧς
242 2492 345 2539 ὅλως
361 2500 493 2549 χωρὶς
525 2494 656 2551 οὐδὲν]
687 2496 910 2549 Legebam,
939 2487 991 2544 ἧς
1016 2488 1264 2550 ΟΦΕΛΟΣ
1283 2493 1418 2543 χωρὶς

92 2548 221 2591 οὐδέν.
253 2556 338 2590 sine
357 2567 439 2605 qua
461 2553 567 2592 nihil
592 2556 727 2606 vtique
751 2554 973 2607 profeceris.
1020 2545 1138 2590 Ὄλος
1177 2554 1219 2585 et
1241 2545 1417 2597 Ὅφελος

87 2607 130 2643 in
151 2606 269 2645 libris
290 2608 458 2659 scriptis
477 2621 562 2646 non
582 2621 680 2646 raro
699 2608 1025 2647 confunduntur.
1083 2602 1310 2655 Dionysius
1330 2600 1417 2640 Ha·-

87 2661 207 2703 licar.
222 2663 349 2717 Epist.
374 2663 423 2702 ad
445 2663 588 2718 Pomp.
610 2664 654 2702 in
677 2677 723 2703 re
743 2677 827 2704 non
846 2662 1038 2702 dissimili
1063 2673 1104 2712 p.
1128 2669 1223 2711 209.
1256 2655 1414 2711 Πρώτη
