1752 3118
344 297 422 351 IN
454 295 759 351 FRONTE
792 294 1155 379 LONGINI.
1313 318 1404 351 cmv

94 429 304 493 porticus
325 426 707 475 circumiacentes
726 427 931 492 separari
951 440 997 474 et
1014 424 1194 474 secerni
1210 424 1268 471 ab
1290 424 1408 472 aede

94 497 203 543 satis
238 507 440 559 apparet.
507 495 665 557 Atque
698 495 747 541 in
774 512 879 542 area
912 494 996 540 illa
1027 509 1113 541 seu
1146 490 1409 554 περιβόλῳ

94 579 223 609 sacra
241 561 358 607 haec
384 559 696 609 administrari
718 560 997 625 vnicuique,
1034 559 1117 624 qui
1140 559 1288 605 aciem
1311 557 1411 604 huc

93 626 329 688 intendat,
373 628 451 675 vel
488 643 545 674 ex
575 644 634 673 eo
664 640 877 691 apparet,
923 625 1057 691 quod
1088 625 1329 673 Victoriae
1363 637 1412 671 et

92 692 369 742 citharoedo
386 693 661 758 interposita
678 694 885 741 cernitur
904 710 981 739 ara
997 711 1160 757 parua,
1183 689 1406 748 rotunda,

90 759 386 806 saltationem
411 777 496 807 seu
524 777 749 824 pompam
775 759 1083 821 Bacchicam,
1119 770 1348 823 quantum
1381 773 1410 803 e

91 826 412 891 tympanistria
454 826 523 873 ibi
566 826 824 891 conspicua
869 826 1105 874 coniicere
1138 825 1274 885 licet,
1334 840 1413 870 ex-

92 893 323 956 sculptam
361 892 642 956 praeferenS.
724 894 1020 957 Θυμελικήν
1053 893 1178 940 hanc
1213 906 1414 956 quoque

92 975 194 1006 asse
229 972 275 1005 et
311 956 371 1005 ad
411 976 511 1006 rem
555 960 793 1007 scenicam
827 974 1066 1025 spectare,
1114 959 1224 1006 satis
1270 969 1413 1020 patet.

94 1026 343 1072 Caeterum
380 1042 482 1073 rem
513 1043 693 1073 sacram
729 1026 781 1073 in
822 1044 930 1075 area
971 1026 1140 1091 templi
1171 1023 1415 1089 Apollinis

91 1091 196 1138 fieri
210 1129 224 1149 ,
245 1092 323 1139 vix
342 1106 437 1153 est,
473 1092 608 1156 quod
630 1091 916 1141 dubitemus.

195 1157 328 1213 Quae
347 1176 456 1205 cum
474 1159 536 1206 ita
554 1160 662 1218 sint,
696 1158 817 1206 illud
836 1159 929 1206 iam
947 1161 1247 1224 anquiramus
1268 1175 1418 1222 opor-1

92 1239 187 1282 tet,
232 1222 458 1287 quidnam
494 1225 758 1289 significare
799 1226 1008 1274 voluerit
1039 1226 1137 1272 hoc
1180 1225 1415 1273 sacrificio

91 1292 171 1339 vel
189 1290 414 1338 libatione
426 1292 584 1356 potius
595 1291 642 1339 in
663 1308 767 1339 area
777 1290 1022 1356 Apollinis
1043 1293 1201 1340 oblata
1216 1291 1378 1339 artifex
1386 1288 1419 1338 ’Ζ

92 1358 440 1419 Argumentum
463 1357 606 1406 huius
641 1359 890 1405 marmoris
927 1377 1092 1423 magna
1127 1358 1418 1407 obscuritate

94 1424 342 1482 laborare,
386 1440 475 1471 nec
498 1425 636 1472 facile
665 1425 878 1473 extricari
903 1443 1071 1491 posse,
1115 1425 1321 1490 ingenue
1351 1425 1420 1471 fa·

94 1504 218 1538 tetur
233 1493 440 1538 Carolus
450 1494 582 1550 Fea,
618 1491 705 1555 qui
722 1508 889 1555 magna
909 1492 1118 1538 sollertia
1139 1507 1186 1540 et
1209 1489 1419 1538 dexteri-

95 1569 188 1604 tate
205 1556 460 1604 illustrauit
484 1558 715 1622 plurima,
750 1557 801 1604 in
828 1556 1232 1621 Explicationibus
1259 1558 1422 1622 (Spie-

93 1626 299 1684 gazioni
330 1626 456 1671 delle
492 1627 675 1672 Tavole
708 1627 762 1670 in
792 1627 954 1672 Rame
987 1623 1045 1671 T.
1059 1623 1144 1670 III.
1167 1643 1228 1688 -p.
1253 1624 1420 1686 442).

94 1688 195 1736 Sed
217 1705 318 1736 rem
338 1703 486 1736 totam
508 1706 604 1738 vno
622 1690 770 1739 verbo
789 1691 975 1753 aperuit
994 1690 1318 1753 sagacissimus
1342 1707 1423 1738 eo-

96 1774 203 1803 rum
216 1792 230 1815 ,
253 1772 373 1820 quae
391 1755 581 1820 negotia
598 1757 829 1805 facessunt
845 1756 1173 1821 antiquitatum
1187 1756 1426 1820 interme-1

96 1823 222 1870 tibus
250 1823 462 1888 reliquis,
486 1823 936 1888 indagatorEnniu-s·
963 1827 1199 1884 Quirinus
1212 1826 1267 1872 V
1262 1825 1424 1871 iscon·

96 1893 212 1949 tius,
228 1890 363 1938 cuius
383 1890 834 1954 sententiampaucis
857 1891 1013 1951 refert,
1029 1892 1113 1956 qui
1134 1892 1232 1938 fere
1254 1908 1309 1938 ex
1322 1890 1423 1938 hoc

97 1958 206 2004 solo
238 1957 430 2023 tripode
463 1959 607 2024 sapit,
643 1961 830 2007 Petitus
861 1961 1104 2006 Radelius
1135 1958 1186 2004 in
1216 1958 1424 2004 illustra-

97 2024 308 2071 tionibus
347 2024 705 2090 Francogallico
744 2042 963 2073 sermone
996 2025 1182 2089 scriptis
1216 2027 1426 2086 (Muse'e

99 2094 365 2153 Napoldon
390 2091 541 2140 T.IV.
559 2112 605 2158 p.
630 2094 742 2156 29.)
777 2092 990 2139 Auctore
1014 2092 1157 2156 igitur
1168 2090 1423 2138 Viscontio

99 2175 306 2206 marmor
329 2159 482 2207 oculis
501 2160 674 2208 nostris
688 2159 954 2208 subiectum
972 2172 1334 2207 monumentum
1356 2171 1426 2205 est

101 2223 405 2288 choragicum
446 2239 556 2291 post
585 2227 833 2274 victoriam
869 2226 920 2273 in
953 2226 1205 2274 certamine
1237 2225 1424 2272 musico

100 2305 386 2354 reportatam
429 2311 455 2341 a
496 2294 673 2342 victore
720 2291 1002 2341 dedicatum.
1083 2290 1426 2342 Citharoedum

101 2358 273 2417 fuisse,
300 2359 382 2422 qui
402 2359 635 2409 cautando
655 2374 702 2408 et
718 2358 963 2426 psallendo
983 2361 1195 2419 vicisset,
1229 2376 1303 2407 res
1323 2358 1427 2423 ipsa

102 2423 294 2473 indicat.
330 2426 595 2475 Praemium
614 2428 838 2477 victoriae
861 2426 1011 2492 tripus
1037 2428 1150 2486 fuit,
1184 2428 1278 2474 iam
1295 2426 1423 2474 ἁνα-

76 2550 81 2554 .
107 2491 408 2556 θηματικός
438 2494 584 2542 factus
618 2508 667 2542 et
696 2495 819 2543 inter
846 2494 1092 2558 Apollinis
1121 2494 1317 2543 donaria
1347 2510 1425 2540 co-

105 2556 296 2606 lumnae
314 2558 573 2624 impositus.
616 2563 661 2609 A
679 2562 858 2610 victore
880 2560 1152 2610 dedicatum
1172 2579 1294 2619 esse,
1331 2578 1428 2606 ma-

109 2626 356 2673 nifestatur
375 2625 578 2688 imagine
597 2627 710 2676 deae
724 2628 984 2690 Victoriae,
1014 2630 1149 2676 cuius
1163 2629 1212 2675 in
1227 2626 1425 2676 admini-

110 2690 298 2740 stranda
324 2692 548 2743 libatione
570 2712 714 2761 opera
741 2695 1039 2744 luculentum
1066 2697 1239 2747 victori
1266 2694 1425 2760 perhi-
