1752 3118
466 292 564 343 DE
606 292 840 342 LIBRO
887 296 950 342 Π.
1000 297 1052 343 Υ.
1299 317 1408 350 cxlx

82 423 114 470 4
138 434 185 469 et
206 422 285 483 59,
302 421 350 467 4:
381 415 650 480 κομπῶδες
676 420 756 475 25,
778 418 823 464 4.
858 418 996 481 μέγα
1021 435 1066 480 7,
1094 420 1138 465 5.
1171 423 1403 486 μεγαλη-

78 506 235 550 γουον
263 496 319 546 8,
357 490 401 533 4.
447 482 645 546 μεγαλ’
603 483 851 549 οῤῥημον
882 487 961 540 25,
997 500 1040 532 2.
1075 488 1401 551 μεγαλοφρο-

79 554 209 617 σύνη
237 568 314 610 14,
349 569 388 598 1.
423 552 749 634 μεγαλοφυὲς
770 554 851 613 36,
874 569 912 598 1.
949 550 1100 612 ὄγκος
1126 555 1171 614 8,
1194 558 1223 601 5
1247 568 1296 601 et
1322 558 1400 612 50,

80 638 125 669 2.
158 621 347 682 σεμνὸν
371 622 450 678 50,
474 636 516 666 2.
551 615 803 682 σεμνότης
826 635 903 678 12,
927 622 970 667 5.
993 621 1227 682 σοβαρὸν
1250 631 1396 681 18,1.

77 683 512 746 συνδεδιωγμένον
534 703 626 745 21,
664 703 703 732 1.
757 687 818 733 τὸ
852 687 910 733 ἐν
951 685 1177 750 υπεροχῇ
1214 690 1308 747 56,
1350 692 1396 735 4.

75 754 334 817 υπερφυὲς
360 771 403 813 1,
427 758 471 800 4.
508 751 776 816 ύψηγορία
798 757 844 810 ὅ,
871 770 912 799 1.
948 751 1113 800 Vnum
1135 754 1395 803 alterumue

73 819 249 867 horum
278 836 335 866 ex
363 818 460 867 hoc
485 821 705 881 catalogo
732 818 843 883 quis
876 820 1040 878 tollat,
1074 819 1159 867 sed
1181 833 1397 885 auctore,

71 901 123 935 vt
144 887 334 951 opinor,
365 886 531 935 inuito.
577 886 674 934 Sed
700 904 907 950 agamus,
938 885 1071 952 quod
1092 888 1237 950 magis
1256 906 1397 952 agen-

76 952 194 1001 dum
221 967 301 1001 est.
369 952 501 1000 Talis
528 955 664 1019 copia
695 954 832 1002 etiam
857 954 1142 1002 submissum
1169 956 1395 1003 orationis

72 1020 394 1068 characterem
421 1035 585 1081 ornat,
621 1021 896 1086 praesertim
919 1022 959 1068 si
982 1021 1221 1086 aliquanto
1247 1023 1395 1070 subti-

70 1087 166 1135 lius
196 1089 317 1135 lecta
349 1102 458 1135 sunt
481 1106 746 1156 synonyma
770 1102 817 1136 et
844 1088 1021 1152 aliquid
1049 1088 1109 1136 ad
1132 1089 1394 1155 perspicui-

70 1168 211 1202 tatem
237 1155 500 1203 conferunt.
534 1156 598 1203 At
618 1154 746 1218 apud
768 1154 899 1202 1111110
918 1170 1147 1203 nostrum
1154 1174 1263 1204 cum
1286 1157 1394 1219 alia,

71 1239 192 1286 quae
215 1222 449 1280 diximus,
497 1235 598 1269 tum
618 1220 894 1285 splendidae
913 1224 1087 1286 figurae
1112 1238 1391 1286 opportuno

68 1288 184 1336 loco
204 1303 448 1365 vsurpatac
471 1288 766 1353 magnificam
787 1289 966 1336 faciunt
991 1289 1268 1339 orationem.
1316 1291 1394 1337 Iu·-

71 1355 413 1419 terrogationes
453 1356 683 1405 oratmias
715 1355 978 1420 teperimus
1020 1360 1160 1419 18,1
1201 1370 1247 1404 et
1276 1357 1392 1405 alibi

69 1423 271 1488 passim3
305 1421 514 1480 εικόνας
545 1437 676 1488 aptas
711 1439 790 1484 20,
821 1426 863 1470 5.
902 1440 990 1483 22,
1022 1441 1061 1471 1.
1098 1426 1177 1483 50,
1211 1441 1265 1485 13
1299 1424 1392 1491 hy-

70 1489 294 1554 penbolas
330 1490 538 1553 insignes
573 1508 660 1552 19,
700 1507 739 1536 1.
784 1506 874 1551 27,
914 1461 1394 1556 1‚asyndcta17ebus

0 1575 1 1620 j
72 1555 407 1605 conuenientia
429 1574 475 1619 9,
512 1560 560 1616 6,
603 1557 827 1620 itemque,
864 1557 946 1605 vbi
981 1556 1171 1605 Tollius
1200 1558 1391 1606 mutatis

0 1622 1 1652 ³
70 1623 228 1670 verbis
260 1624 353 1670 vim
384 1623 635 1673 oratoriam
668 1622 821 1685 frangi
848 1624 1064 1684 volebat,
1101 1640 1184 1683 22,
1208 1642 1246 1672 1.
1287 1623 1393 1672 Ad·-

0 1702 1 1708 ’
70 1691 240 1754 spersit
266 1691 389 1738 enim
419 1690 559 1738 haec:
604 1690 924 1752 „Maluissem
954 1694 1051 1755 τήν
1085 1691 1184 1738 τῶν
1206 1689 1392 1746 λέξεων

70 1760 167 1804 καὶ
197 1773 421 1821 νοησεων
449 1760 511 1804 ἐκ
545 1758 642 1806 τοῦ
675 1760 817 1804 κατά
844 1757 1008 1821 φύσιν
1045 1758 1233 1821 εἱρμοῦ
1267 1761 1391 1806 ctc.“

69 1824 234 1887 Atque
260 1824 398 1871 etiam
435 1825 536 1873 sine
571 1827 722 1889 figuna
755 1841 897 1889 quam
929 1825 1045 1873 scite
1077 1839 1248 1872 auctor
1271 1843 1393 1872 non-

28 1906 31 1913 '
72 1892 207 1939 nulla
237 1891 457 1956 exprimit
490 1905 536 1939 ct
566 1892 739 1957 pingit!
787 1906 835 1940 vt
861 1891 984 1939 illud
1010 1908 1101 1952 20,
1127 1908 1186 1941 2·
1223 1890 1390 1942 Οὐδὲν

73 1957 205 2006 ἄλλο
227 1956 317 2009 διά
346 1957 547 2008 τούτων
558 1995 659 2008 .....
673 1958 887 2024 πληττει
907 1959 1059 2024 φορᾷ.

634 2071 824 2136 §.XV.

206 2161 365 2210 Habet
386 2162 708 2227 vnusquisque
739 2160 944 2239 scriptor
969 2161 1241 2239 peculiaria
1252 2172 1397 2226 quae-¹

73 2228 187 2276 ‘dam
225 2237 272 2277 et
329 2230 421 2277 sibi
459 2229 679 2295 propria,
742 2227 916 2294 quibus
953 2228 1241 2277 character
1228 2229 1396 2293 ipsius,

79 2295 519 2360 quomodocunque
551 2310 762 2346 ceterum
788 2310 1093 2361 temperatus,
1114 2297 1171 2343 ab
1195 2296 1399 2344 alionum

79 2363 222 2410 simili
249 2363 516 2411 charactere
542 2363 770 2429 distingui
791 2378 959 2428 potest.
1027 2363 1110 2411 Ad
1134 2363 1231 2412 hoc
1251 2380 1397 2427 genus

79 2429 204 2495 apud
229 2448 516 2497 anonymum
537 2446 751 2480 nostrum
770 2432 944 2478 referas
965 2430 1079 2478 licet
1100 2447 1258 2478 versus
1282 2446 1399 2494 poe-

79 2511 252 2557 tarum,
290 2499 464 2561 quibus
486 2515 569 2546 sua
592 2499 739 2563 ipsius
760 2497 937 2546 iudicia
959 2498 1185 2557 enuntiat,
1223 2511 1274 2546 vt
1296 2514 1402 2544 eru-

83 2564 208 2612 ditus
233 2565 435 2630 scriptor
460 2566 724 2614 orationem
745 2566 937 2614 varians.
982 2565 1209 2630 Exempla
1235 2563 1402 2611 notaui

81 2632 227 2680 haec:
275 2636 322 2690 5,
356 2649 396 2678 2.
441 2650 496 2694 9,
537 2651 610 2680 10.
661 2637 746 2692 15,
776 2637 818 2681 4.
866 2637 952 2693 15,
977 2635 1018 2679 5.
1056 2635 1134 2690 56,
1161 2649 1207 2679 2.
1252 2635 1329 2687 44,
1353 2633 1381 2676 4

83 2700 193 2748 Alia
220 2699 360 2747 etiam
391 2700 546 2747 haheo
569 2700 697 2748 illius
720 2699 941 2767 propria,
977 2698 1061 2749 sed
1080 2699 1157 2749 vel
1181 2698 1318 2758 levia,
1354 2710 1405 2744 vt
