1752 3118
397 267 715 309 -LO‘NGINI
751 267 984 309 FRAGM.
1024 270 1095 312 111.
1321 273 1398 314 165

63 386 174 437 fieri
219 403 325 435 non
351 391 524 450 potest.
592 380 872 449 Rhythmus
907 398 1025 430 vero
1074 396 1120 430 et
1155 382 1206 430 in
1244 386 1394 450 sylla-

60 477 137 525 bis
173 477 242 538 fit,
280 487 326 524 et
360 485 491 521 extra
526 471 760 538 syllabas:
797 489 908 519 nam
945 485 992 519 et
1026 471 1077 518 in
1114 472 1389 537 pulsatione

57 566 193 615 inest.
262 563 459 612 Etenim
506 579 618 619 cum
651 562 724 619 ⁸ab
770 561 965 610 aerariis
999 562 1148 609 fabris
1182 563 1385 612 malleos

57 656 291 705 deorsum
333 651 491 700 incuti
541 650 780 709 videmus,
826 651 969 701 simul
1017 652 1159 701 etiam
1203 652 1386 719 rhyth-

55 763 192 794 mum
228 742 475 810 quendam
508 740 762 790 audimus:
800 759 1043 807 equorum
1078 738 1196 790 item
1216 743 1385 791 inces-

53 852 136 882 sus
170 852 263 900 pro
293 833 526 902 rhythmo
551 846 766 901 putatur,
803 847 848 881 et
877 833 1070 880 micatio
1101 831 1382 897 digitorum,

54 939 104 974 et
135 939 298 973 motus
328 924 681 981 membrorum,
720 936 766 970 et
786 921 1085 980 chordarum
1109 924 1380 988 percussio,

53 1029 101 1063 et
140 1014 191 1061 in
244 1012 414 1062 avibus
468 1011 654 1063 alarum
708 1012 919 1078 plausus,
997 1013 1214 1061 Metrum
1261 1031 1378 1062 vero

53 1102 277 1152 exsistere
327 1119 428 1150 non
471 1116 631 1166 potest
673 1101 775 1150 sine
811 1103 964 1151 verbo
1002 1117 1161 1152 certae
1194 1104 1378 1152 formae

52 1206 98 1240 et
146 1189 438 1256 quantitatis.
508 1190 764 1239 Praeterea
814 1206 1024 1247 metrum
1070 1211 1096 1238 a
1145 1190 1378 1256 rhythmo

50 1280 214 1329 differt
260 1298 342 1338 co,
387 1278 528 1346 quod
571 1294 787 1336 metrum?
832 1280 982 1330 habet
1026 1296 1249 1346 tempora
1284 1281 1379 1331 fixa

51 1385 97 1420 et
132 1370 358 1434 definita,
403 1370 607 1434 longum
654 1385 699 1418 et
732 1371 915 1433 breue,
962 1386 1009 1421 et
1051 1372 1232 1419 horum
1265 1387 1378 1417 me-

51 1460 213 1517 dium,
249 1458 388 1526 quod
422 1461 668 1524 appellant
704 1478 991 1523 commune3
1038 1458 1178 1527 quod
1213 1460 1376 1525 ipsum

51 1550 221 1616 vtique
266 1550 472 1613 longum
518 1564 564 1599 et
609 1549 762 1598 breue
807 1566 899 1612 cst:
952 1550 1209 1617 rhythmus
1257 1569 1375 1602 vero

51 1657 143 1705 pro
179 1639 344 1687 lubitu
379 1637 526 1690 trahit
560 1631 807 1704 tempora,
846 1658 957 1687 cum
994 1641 1185 1707 saepius
1219 1641 1374 1692 breue

49 1743 237 1795 tempus
282 1729 485 1792 longum
531 1728 685 1778 faciat.
755 1729 869 1777 Hoc
912 1744 1072 1778 autem
1106 1730 1171 1782 ita
1205 1748 1255 1778 se
1289 1729 1375 1778 ha-

47 1818 192 1875 bere,
240 1832 287 1868 et
331 1818 416 1865 illa
459 1818 584 1867 iuter
631 1837 682 1868 se
729 1818 949 1883 differre,
994 1820 1154 1868 sciunt
1187 1834 1379 1886 poetae...

50 1908 285 1974 Exempla
332 1925 577 1971 sumemus
620 1908 825 1959 iocantis
863 1908 1145 1958 comoediae
1181 1891 1232 1957 in
1265 1909 1381 1975 phi«

51 1995 278 2061 losophia
320 2014 485 2047 severe
531 2012 712 2062 agente.
781 1997 1135 2063 Aristophanes
1170 1999 1222 2045 iu
1260 1998 1375 2046 Nu-

50 2087 196 2134 bibus
232 2085 372 2144 [dicit
404 2087 463 2136 id
496 2089 744 2146 Socrates,
782 2089 869 2137 etsi
907 2106 1020 2137 eum
1052 2089 1225 2138 irridet
1246 2087 1384 2139 'Ari-2

53 2177 355 2242 stophanes]:
394 2183 451 2228 V
447 2188 577 2226 trum
611 2181 673 2226 de
693 2181 879 2236 metri-9,
902 2197 970 2229 an
1004 2182 1066 2227 cle
1087 2182 1238 2244 epicis
1268 2197 1379 2237 vet?-
1417 2228 1421 2232 ἣ

51 2268 208 2325 sibuS,
247 2285 315 2322 an
349 2271 410 2315 cle
443 2270 683 2332 rlffthmis
704 2268 730 2315 P
801 2267 1035 2317 Distinxit
1079 2287 1193 2334 ergo
1228 2269 1315 2329 ille
1349 2286 1382 2328 a.

54 2356 294 2424 rhythmis
327 2372 490 2406 metra.
541 2357 625 2405 Ad
660 2372 914 2423 Vtramque
949 2377 1052 2407 rem
1085 2360 1184 2410 hoc
1211 2375 1378 2407 exem.-

55 2448 196 2513 plum
251 2446 519 2496 notandum
571 2461 664 2510 est,
727 2464 773 2497 et
818 2448 1111 2514 rhythmum
1150 2469 1177 2506 a
1220 2463 1386 2500 metro,

57 2537 268 2599 differre,
305 2554 351 2585 ct
384 2551 570 2586 veteres
601 2552 868 2585 metrorum
903 2539 1138 2589 rationem
1175 2555 1379 2604 praece-

56 2627 153 2694 ptis
190 2626 602 2693 'comprehensam
657 2626 898 2677 didicisse.
967 2629 1184 2680 Metrum
1228 2643 1378 2694 porro
1415 2625 1446 2671 6
