1758 3162
525 305 932 358 EDITORIS.
1319 327 1389 361 xv

0 475 1 503 ³
74 452 183 500 dice
205 445 335 496 haud
369 440 523 491 dubie
544 442 638 489 iam
664 442 845 506 ignoto.
915 441 1090 492 Plures
1108 443 1236 492 euim
1259 445 1393 493 codi-

0 528 1 584 ἶ
73 558 152 588 ces
171 539 219 585 in
236 532 550 580 bibliothecis
574 531 695 580 olim
716 532 987 595 latuerunt,
1027 548 1073 582 et
1093 534 1236 582 etiam
1260 553 1393 582 nunc

69 630 264 679 fortasse
291 625 441 672 latent
470 622 693 671 nondum
715 623 892 670 collati.
947 623 1074 671 Nam
1101 638 1152 672 vt
1177 623 1239 672 de
1268 639 1393 672 cete-

66 719 130 767 ris
176 713 430 762 codicibus
465 712 686 763 Lutetiae
733 715 986 762 asseruatis
1031 714 1155 761 nihil
1201 713 1360 761 dicam
1376 750 1391 776 ‚

68 821 189 872 quos
213 804 460 852 immerito
491 805 688 853 fortasse
718 803 998 853 obscurauit
1034 791 1391 867 antiquissimus

63 897 171 952 ille,
205 894 328 943 adeo
359 909 414 944 vt
444 913 587 944 nemo
619 897 672 943 in
709 895 805 941 illis
837 892 1024 959 aliquid
1054 894 1213 942 bonae
1243 895 1394 958 frugis

65 1003 294 1051 quaerere
321 1001 535 1043 curaret,
555 985 702 1033 alium
722 998 852 1034 certe
876 983 1073 1048 exprimi
1097 985 1282 1032 curauit
1297 985 1394 1032 Ro-

63 1076 322 1139 bortellus‚
359 1077 455 1124 alio
486 1094 596 1125 vsus
634 1090 704 1136 est
729 1075 920 1123 Portus.
988 1073 1070 1122 Ab
1097 1074 1174 1121 his
1203 1093 1394 1122 rursum

66 1165 288 1214 diuersus
312 1166 421 1223 ille,
457 1184 603 1231 quem
619 1166 866 1214 Manutius
889 1164 1063 1212 habuit
1084 1183 1110 1213 e
1132 1164 1395 1212 bibliothe-

65 1272 120 1303 ca
150 1254 461 1304 Bessanionis.
529 1255 783 1304 Victorius
815 1270 976 1304 autem
999 1255 1051 1301 in
1075 1254 1214 1302 Varr.
1239 1252 1394 1300 Lectt.

64 1361 141 1407 27,
165 1349 239 1393 15.
263 1344 325 1394 de
347 1345 506 1394 verbis
518 1345 730 1410 Longini
756 1362 834 1409 27,
858 1363 899 1393 2.
912 1346 1064 1410 Κῆῦξ
1160 1341 1396 1392 ἐκέλευσε

67 1433 315 1499 disputans
337 1435 461 1484 haec
483 1436 700 1484 subiicit:
740 1436 859 1498 „Ita
885 1436 1016 1485 enim
1043 1434 1219 1495 legitur
1240 1434 1290 1480 in
1312 1451 1397 1480 an-

63 1523 330 1588 tiquissimo
354 1525 484 1573 libro
501 1562 515 1588 ,
550 1541 650 1573 non
671 1521 868 1586 κῆρυξ,
901 1534 954 1568 vt
982 1520 1220 1585 scriptum
1251 1536 1320 1568 est
1344 1522 1397 1567 in

62 1629 146 1673 eo,
191 1632 336 1677 quem
384 1609 727 1662 excudendum
763 1611 950 1659 curauit
982 1610 1265 1658 Franciscus
1300 1610 1398 1658 Ro-

60 1702 349 1750 bortellus.“
416 1699 599 1748 Rursus
622 1700 771 1765 igitur
796 1701 943 1749 alium
963 1701 1047 1749 hic
1070 1699 1264 1750 videtur
1288 1718 1397 1747 nar-

61 1810 168 1840 rare
198 1791 402 1850 librum,
439 1804 487 1839 et
512 1789 713 1856 quidem
731 1791 791 1838 ab
823 1792 1045 1840 omnibus
1075 1793 1236 1840 adhuc
1262 1811 1396 1842 vsur-

59 1881 182 1947 patis
215 1880 490 1942 diuersum,
525 1880 637 1946 quia
669 1879 906 1930 ἐκέλευσε
941 1900 1032 1948 pro
1066 1883 1261 1947 vulgato
1286 1878 1396 1930 ἐκέ-

59 1972 177 2019 λευε
200 1989 226 2020 e
254 1972 391 2020 nullo
417 1970 670 2037 proditum
686 1972 941 2037 reperitur.
1012 1974 1265 2022 Praeterea
1290 1971 1397 2018 Du-

61 2059 205 2109 dithii
236 2062 377 2109 etiam
399 2062 560 2111 fuit'et
590 2060 798 2111 fortassis
821 2062 982 2111 adhuc
1004 2062 1282 2111 reconditus
1304 2060 1398 2108 ali-

62 2151 176 2198 cubi
203 2150 316 2200 latet
339 2152 507 2203 codex.
577 2153 626 2202 Ν
630 2172 655 2201 e
684 2152 767 2201 hic
787 2152 988 2219 quidem
1011 2170 1124 2200 cum
1149 2149 1396 2217 impressis

62 2238 196 2288 libris
218 2241 268 2289 in
285 2260 423 2291 vsum
449 2243 709 2292 doctorum
732 2243 989 2292 hominum
1012 2243 1269 2309 diligenter
1291 2239 1395 2288 col-

62 2328 188 2377 latus
230 2346 313 2381 est.
382 2333 456 2382 Ex
493 2333 725 2383 hactenus
765 2334 908 2382 dictis
945 2333 1255 2399 perspicuum
1291 2346 1394 2380 esse

62 2434 210 2483 puto,
240 2438 318 2469 me
337 2441 438 2472 non
460 2424 561 2474 sine
585 2425 773 2474 ratione
798 2440 986 2490 praeter
1011 2424 1282 2472 Pax-isinum
1310 2439 1392 2470 co-

64 2507 225 2557 dicem
268 2512 650 2578 antiquissimum
694 2517 814 2564 alios
860 2516 911 2563 in
953 2514 1221 2563 subsidium
1257 2511 1394 2560 adhi-

62 2597 223 2649 buisse
250 2602 310 2649 ad
341 2605 598 2654 verborum
625 2606 874 2655 veritatem
905 2604 1270 2672 explorandam,
1304 2618 1391 2649 ne-

66 2706 160 2753 que
188 2690 407 2743 inutilem
430 2695 643 2744 laborem
668 2697 954 2763 suscepisse,
990 2696 1076 2763 qui
1104 2713 1159 2743 ex
1186 2695 1261 2742 his
1286 2705 1332 2740 et
1361 2708 1388 2739 e
