<?xml version="1.0" encoding="UTF-8"?>
<!DOCTYPE html PUBLIC "-//W3C//DTD XHTML 1.0 Transitional//EN"
    "http://www.w3.org/TR/xhtml1/DTD/xhtml1-transitional.dtd">
<html xmlns="http://www.w3.org/1999/xhtml" xml:lang="en" lang="en">
 <head>
  <title>
</title>
<meta http-equiv="Content-Type" content="text/html;charset=utf-8" />
  <meta name='ocr-system' content='tesseract 3.04.00' />
  <meta name='ocr-capabilities' content='ocr_page ocr_carea ocr_par ocr_line ocrx_word'/>
</head>
<body>
  <div class='ocr_page' id='page_1' title='image "./dionysiilonginid00long_0253.png"; bbox 0 0 1752 3118; ppageno 0'>
   <div class='ocr_carea' id='block_1_1' title="bbox 146 252 1384 314">
    <p class='ocr_par' dir='ltr' id='par_1_1' title="bbox 146 252 1384 314">
     <span class='ocr_line' id='line_1_1' title="bbox 146 252 1384 314; baseline -0.002 -13"><span class='ocrx_word' id='word_1_1' title='bbox 146 257 427 301; x_wconf 81' lang='lat' dir='ltr'>LONGINI</span> <span class='ocrx_word' id='word_1_2' title='bbox 461 254 549 297; x_wconf 68' lang='grc' dir='ltr'><strong>ΠΕ</strong></span> <span class='ocrx_word' id='word_1_3' title='bbox 577 253 746 296; x_wconf 87' lang='lat' dir='ltr'><strong>SVBL.</strong></span> <span class='ocrx_word' id='word_1_4' title='bbox 782 252 961 297; x_wconf 80' lang='lat' dir='ltr'><strong>SECT.·</strong></span> <span class='ocrx_word' id='word_1_5' title='bbox 993 254 1129 296; x_wconf 84' lang='lat' dir='ltr'>XVIII</span> <span class='ocrx_word' id='word_1_6' title='bbox 1152 279 1183 293; x_wconf 65' lang='grc'><strong>,-</strong></span> <span class='ocrx_word' id='word_1_7' title='bbox 1205 258 1298 301; x_wconf 81' lang='lat' dir='ltr'>X&#39;X.</span> <span class='ocrx_word' id='word_1_8' title='bbox 1333 273 1384 314; x_wconf 78' lang='lat'><strong>79</strong></span> 
     </span>
    </p>
   </div>
   <div class='ocr_carea' id='block_1_2' title="bbox 63 367 1403 872">
    <p class='ocr_par' dir='ltr' id='par_1_2' title="bbox 63 367 1403 872">
     <span class='ocr_line' id='line_1_2' title="bbox 63 367 1389 433; baseline -0.003 -9"><span class='ocrx_word' id='word_1_9' title='bbox 63 376 229 425; x_wconf 84' lang='lat' dir='ltr'><strong>leriter</strong></span> <span class='ocrx_word' id='word_1_10' title='bbox 275 387 322 422; x_wconf 88' lang='lat' dir='ltr'><strong>et</strong></span> <span class='ocrx_word' id='word_1_11' title='bbox 364 388 430 420; x_wconf 42' lang='lat' dir='ltr'><strong>ex&lt;</strong></span> <span class='ocrx_word' id='word_1_12' title='bbox 464 368 614 418; x_wconf 81' lang='lat' dir='ltr'><strong>animi</strong></span> <span class='ocrx_word' id='word_1_13' title='bbox 660 367 905 417; x_wconf 70' lang='lat' dir='ltr'><strong>sententia.</strong></span> <span class='ocrx_word' id='word_1_14' title='bbox 940 367 1265 433; x_wconf 81' lang='lat' dir='ltr'><strong>respondent:</strong></span> <span class='ocrx_word' id='word_1_15' title='bbox 1318 372 1389 420; x_wconf 86' lang='lat' dir='ltr'><strong>sie</strong></span> 
     </span>
     <span class='ocr_line' id='line_1_3' title="bbox 65 456 1389 530; baseline -0.005 -16"><span class='ocrx_word' id='word_1_16' title='bbox 65 467 218 530; x_wconf 80' lang='lat' dir='ltr'><strong>figura</strong></span> <span class='ocrx_word' id='word_1_17' title='bbox 274 458 657 524; x_wconf 83' lang='lat' dir='ltr'>interrogationis</span> <span class='ocrx_word' id='word_1_18' title='bbox 724 472 770 507; x_wconf 88' lang='lat' dir='ltr'><strong>et</strong></span> <span class='ocrx_word' id='word_1_19' title='bbox 834 456 1189 523; x_wconf 82' lang='lat' dir='ltr'>responsionis,</span> <span class='ocrx_word' id='word_1_20' title='bbox 1265 459 1389 507; x_wconf 91' lang='lat' dir='ltr'><strong>dum</strong></span> 
     </span>
     <span class='ocr_line' id='line_1_4' title="bbox 66 548 1397 614; baseline -0.002 -12"><span class='ocrx_word' id='word_1_21' title='bbox 66 572 125 603; x_wconf 89' lang='lat' dir='ltr'><strong>eo</strong></span> <span class='ocrx_word' id='word_1_22' title='bbox 201 551 400 601; x_wconf 80' lang='lat' dir='ltr'><strong>abducit</strong></span> <span class='ocrx_word' id='word_1_23' title='bbox 463 548 764 610; x_wconf 82' lang='lat' dir='ltr'><strong>auditorem,</strong></span> <span class='ocrx_word' id='word_1_24' title='bbox 842 563 919 609; x_wconf 87' lang='lat' dir='ltr'><strong>vt,</strong></span> <span class='ocrx_word' id='word_1_25' title='bbox 989 566 1114 614; x_wconf 84' lang='lat' dir='ltr'><strong>quae</strong></span> <span class='ocrx_word' id='word_1_26' title='bbox 1179 549 1397 613; x_wconf 71' lang='lat' dir='ltr'><strong>cogitata</strong></span> 
     </span>
     <span class='ocr_line' id='line_1_5' title="bbox 63 638 1403 706; baseline -0.004 -15"><span class='ocrx_word' id='word_1_27' title='bbox 63 658 201 706; x_wconf 83' lang='lat' dir='ltr'><strong>sunt,</strong></span> <span class='ocrx_word' id='word_1_28' title='bbox 260 660 312 691; x_wconf 82' lang='lat' dir='ltr'><strong>ea</strong></span> <span class='ocrx_word' id='word_1_29' title='bbox 360 659 417 690; x_wconf 80' lang='lat' dir='ltr'><strong>ex</strong></span> <span class='ocrx_word' id='word_1_30' title='bbox 461 654 683 704; x_wconf 87' lang='lat' dir='ltr'><strong>tempore</strong></span> <span class='ocrx_word' id='word_1_31' title='bbox 730 638 938 704; x_wconf 87' lang='lat' dir='ltr'><strong>proferri</strong></span> <span class='ocrx_word' id='word_1_32' title='bbox 985 652 1124 703; x_wconf 84' lang='lat' dir='ltr'><strong>putet</strong></span> <span class='ocrx_word' id='word_1_33' title='bbox 1167 658 1226 687; x_wconf 82' lang='lat' dir='ltr'><strong>ac</strong></span> <span class='ocrx_word' id='word_1_34' title='bbox 1272 639 1403 703; x_wconf 83' lang='lat' dir='ltr'><strong>dici,·</strong></span> 
     </span>
     <span class='ocr_line' id='line_1_6' title="bbox 64 729 1393 797; baseline -0.003 -15"><span class='ocrx_word' id='word_1_35' title='bbox 64 751 177 782; x_wconf 92' lang='lat' dir='ltr'><strong>eum</strong></span> <span class='ocrx_word' id='word_1_36' title='bbox 234 730 428 797; x_wconf 88' lang='lat' dir='ltr'><strong>decipit.</strong></span> <span class='ocrx_word' id='word_1_37' title='bbox 557 729 808 778; x_wconf 84' lang='lat' dir='ltr'><strong>Praeterea</strong></span> <span class='ocrx_word' id='word_1_38' title='bbox 863 736 979 779; x_wconf 73' lang='lat' dir='ltr'><strong>v&#39;ero</strong></span> <span class='ocrx_word' id='word_1_39' title='bbox 1042 737 1174 788; x_wconf 86' lang='lat' dir='ltr'><strong>(nam</strong></span> <span class='ocrx_word' id='word_1_40' title='bbox 1232 729 1393 778; x_wconf 85' lang='lat' dir='ltr'><strong>Hero·</strong></span> 
     </span>
     <span class='ocr_line' id='line_1_7' title="bbox 65 819 1392 872; baseline -0.003 0"><span class='ocrx_word' id='word_1_41' title='bbox 65 823 266 872; x_wconf 88' lang='lat' dir='ltr'><strong>doteum</strong></span> <span class='ocrx_word' id='word_1_42' title='bbox 323 820 453 868; x_wconf 91' lang='lat' dir='ltr'><strong>illud</strong></span> <span class='ocrx_word' id='word_1_43' title='bbox 508 820 718 868; x_wconf 85' lang='lat' dir='ltr'><strong>refertur</strong></span> <span class='ocrx_word' id='word_1_44' title='bbox 774 819 905 869; x_wconf 67' lang='lat' dir='ltr'><strong>inter&#39;</strong></span> <span class='ocrx_word' id='word_1_45' title='bbox 954 819 1161 868; x_wconf 84' lang='lat' dir='ltr'><strong>maxime</strong></span> <span class='ocrx_word' id='word_1_46' title='bbox 1227 820 1392 869; x_wconf 81' lang='lat' dir='ltr'><strong>subli-</strong></span> 
     </span>
    </p>
   </div>
   <div class='ocr_carea' id='block_1_3' title="bbox 61 912 897 972">
    <p class='ocr_par' dir='ltr' id='par_1_3' title="bbox 61 912 897 972">
     <span class='ocr_line' id='line_1_8' title="bbox 61 912 897 972; baseline -0.007 -10"><span class='ocrx_word' id='word_1_47' title='bbox 61 915 186 972; x_wconf 86' lang='lat' dir='ltr'><strong>mia)</strong></span> <span class='ocrx_word' id='word_1_48' title='bbox 220 912 262 960; x_wconf 87' lang='lat' dir='ltr'><strong>si</strong></span> <span class='ocrx_word' id='word_1_49' title='bbox 295 912 365 960; x_wconf 88' lang='lat' dir='ltr'><strong>sic</strong></span> <span class='ocrx_word' id='word_1_50' title='bbox 432 935 806 949; x_wconf 81' lang='lat'><em>-----</em></span> <span class='ocrx_word' id='word_1_51' title='bbox 858 935 897 957; x_wconf 15' lang='lat'><strong>⁷·-</strong></span> 
     </span>
    </p>
   </div>
   <div class='ocr_carea' id='block_1_4' title="bbox 522 1042 942 1093">
    <p class='ocr_par' dir='ltr' id='par_1_4' title="bbox 522 1042 942 1093">
     <span class='ocr_line' id='line_1_9' title="bbox 522 1042 942 1093; baseline -0.007 0"><span class='ocrx_word' id='word_1_52' title='bbox 522 1042 734 1093; x_wconf 90' lang='lat' dir='ltr'><strong>SECT.</strong></span> <span class='ocrx_word' id='word_1_53' title='bbox 802 1042 942 1091; x_wconf 84' lang='grc' dir='ltr'>ΧΙΧ,</span> 
     </span>
    </p>
   </div>
   <div class='ocr_carea' id='block_1_5' title="bbox 59 1131 1401 2189">
    <p class='ocr_par' dir='ltr' id='par_1_5' title="bbox 59 1131 1401 2189">
     <span class='ocr_line' id='line_1_10' title="bbox 61 1131 1395 1199; baseline -0.006 -17"><span class='ocrx_word' id='word_1_54' title='bbox 61 1163 83 1177; x_wconf 94' lang='grc'>-</span> <span class='ocrx_word' id='word_1_55' title='bbox 147 1161 169 1175; x_wconf 88' lang='grc'>-</span> <span class='ocrx_word' id='word_1_56' title='bbox 235 1163 256 1178; x_wconf 73' lang='grc' dir='ltr'><strong>ι-</strong></span> <span class='ocrx_word' id='word_1_57' title='bbox 322 1159 343 1173; x_wconf 86' lang='grc'><strong>·-</strong></span> <span class='ocrx_word' id='word_1_58' title='bbox 410 1134 568 1182; x_wconf 78' lang='lat' dir='ltr'><strong>soluta</strong></span> <span class='ocrx_word' id='word_1_59' title='bbox 622 1133 854 1181; x_wconf 82' lang='lat' dir='ltr'><strong>dilabitur</strong></span> <span class='ocrx_word' id='word_1_60' title='bbox 897 1150 955 1178; x_wconf 85' lang='lat' dir='ltr'><strong>ac</strong></span> <span class='ocrx_word' id='word_1_61' title='bbox 999 1131 1136 1180; x_wconf 86' lang='lat' dir='ltr'><strong>velut</strong></span> <span class='ocrx_word' id='word_1_62' title='bbox 1185 1134 1395 1199; x_wconf 75' lang='lat' dir='ltr'><strong>profun-</strong></span> 
     </span>
     <span class='ocr_line' id='line_1_11' title="bbox 66 1217 1394 1287; baseline -0.001 -14"><span class='ocrx_word' id='word_1_63' title='bbox 66 1225 197 1274; x_wconf 82' lang='lat' dir='ltr'><strong>ditur</strong></span> <span class='ocrx_word' id='word_1_64' title='bbox 254 1217 437 1285; x_wconf 84' lang='lat' dir='ltr'><strong>oratio‚</strong></span> <span class='ocrx_word' id='word_1_65' title='bbox 502 1222 747 1271; x_wconf 82' lang='lat' dir='ltr'><strong>dicentem</strong></span> <span class='ocrx_word' id='word_1_66' title='bbox 813 1221 936 1271; x_wconf 86' lang='lat' dir='ltr'><strong>adeo</strong></span> <span class='ocrx_word' id='word_1_67' title='bbox 1004 1222 1167 1287; x_wconf 80' lang='lat' dir='ltr'><strong>ipsum</strong></span> <span class='ocrx_word' id='word_1_68' title='bbox 1239 1241 1394 1287; x_wconf 87' lang='lat' dir='ltr'><strong>paene</strong></span> 
     </span>
     <span class='ocr_line' id='line_1_12' title="bbox 60 1298 1396 1382; baseline -0.001 -19"><span class='ocrx_word' id='word_1_69' title='bbox 60 1331 394 1382; x_wconf 85' lang='lat' dir='ltr'><strong>praecurrens.</strong></span> <span class='ocrx_word' id='word_1_70' title='bbox 507 1315 631 1362; x_wconf 82' lang='lat' dir='ltr'><strong>Cum</strong></span> <span class='ocrx_word' id='word_1_71' title='bbox 685 1298 826 1362; x_wconf 71' lang='lat' dir='ltr'><strong>scula</strong></span> <span class='ocrx_word' id='word_1_72' title='bbox 865 1315 1220 1378; x_wconf 78' lang='lat' dir='ltr'><strong>conflixissent,</strong></span> <span class='ocrx_word' id='word_1_73' title='bbox 1286 1313 1396 1362; x_wconf 86' lang='lat' dir='ltr'><strong>Xe·-</strong></span> 
     </span>
     <span class='ocr_line' id='line_1_13' title="bbox 63 1395 1395 1470; baseline -0.002 -17"><span class='ocrx_word' id='word_1_74' title='bbox 63 1405 270 1470; x_wconf 88' lang='lat' dir='ltr'>nophon</span> <span class='ocrx_word' id='word_1_75' title='bbox 316 1403 506 1469; x_wconf 88' lang='lat' dir='ltr'><strong>inquit,</strong></span> <span class='ocrx_word' id='word_1_76' title='bbox 559 1395 889 1465; x_wconf 54' lang='lat' dir='ltr'><strong>brgebantur,</strong></span> <span class='ocrx_word' id='word_1_77' title='bbox 946 1403 1236 1451; x_wconf 73' lang='lat' dir='ltr'><strong>resistebant</strong></span> <span class='ocrx_word' id='word_1_78' title='bbox 1252 1440 1265 1461; x_wconf 92' lang='lat'><em>‚</em></span> <span class='ocrx_word' id='word_1_79' title='bbox 1319 1407 1395 1450; x_wconf 84' lang='lat' dir='ltr'><strong>in-</strong></span> 
     </span>
     <span class='ocr_line' id='line_1_14' title="bbox 64 1487 1395 1560; baseline -0.002 -17"><span class='ocrx_word' id='word_1_80' title='bbox 64 1487 367 1558; x_wconf 75' lang='lat' dir='ltr'><strong>terficiebaizt</strong></span> <span class='ocrx_word' id='word_1_81' title='bbox 382 1528 397 1554; x_wconf 88' lang='lat'>,</span> <span class='ocrx_word' id='word_1_82' title='bbox 458 1493 805 1541; x_wconf 76' lang='lat' dir='ltr'><strong>moriebantur.</strong></span> <span class='ocrx_word' id='word_1_83' title='bbox 920 1490 1049 1541; x_wconf 88' lang='lat' dir='ltr'><strong>Item</strong></span> <span class='ocrx_word' id='word_1_84' title='bbox 1103 1492 1186 1540; x_wconf 87' lang='lat' dir='ltr'><strong>illa</strong></span> <span class='ocrx_word' id='word_1_85' title='bbox 1239 1491 1395 1560; x_wconf 87' lang='lat' dir='ltr'><strong>Eury-</strong></span> 
     </span>
     <span class='ocr_line' id='line_1_15' title="bbox 63 1581 1394 1648; baseline -0.001 -15"><span class='ocrx_word' id='word_1_86' title='bbox 63 1584 223 1633; x_wconf 92' lang='lat' dir='ltr'><strong>lochi:</strong></span> <span class='ocrx_word' id='word_1_87' title='bbox 285 1584 516 1645; x_wconf 76' lang='lat' dir='ltr'><strong>Ibamus,</strong></span> <span class='ocrx_word' id='word_1_88' title='bbox 574 1584 710 1629; x_wconf 80' lang='lat' dir='ltr'><strong>iussu</strong></span> <span class='ocrx_word' id='word_1_89' title='bbox 766 1590 877 1642; x_wconf 56' lang='lat' dir='ltr'><strong>mog</strong></span> <span class='ocrx_word' id='word_1_90' title='bbox 940 1581 1116 1628; x_wconf 71' lang='lat' dir='ltr'><strong>nobilis·</strong></span> <span class='ocrx_word' id='word_1_91' title='bbox 1170 1586 1229 1631; x_wconf 90' lang='lat' dir='ltr'><em>V</em></span> <span class='ocrx_word' id='word_1_92' title='bbox 1223 1587 1394 1648; x_wconf 59' lang='lat' dir='ltr'><strong>{ysare-9,</strong></span> 
     </span>
     <span class='ocr_line' id='line_1_16' title="bbox 59 1671 1395 1741; baseline -0.001 -18"><span class='ocrx_word' id='word_1_93' title='bbox 59 1693 157 1741; x_wconf 83' lang='lat' dir='ltr'><strong>per</strong></span> <span class='ocrx_word' id='word_1_94' title='bbox 210 1676 417 1734; x_wconf 81' lang='lat' dir='ltr'><strong>saltum,</strong></span> <span class='ocrx_word' id='word_1_95' title='bbox 471 1671 766 1733; x_wconf 50' lang='lat' dir='ltr'><strong>videbamus·</strong></span> <span class='ocrx_word' id='word_1_96' title='bbox 813 1672 868 1717; x_wconf 84' lang='lat' dir='ltr'><strong>in</strong></span> <span class='ocrx_word' id='word_1_97' title='bbox 917 1673 1048 1718; x_wconf 79' lang='lat' dir='ltr'><em>valle</em></span> <span class='ocrx_word' id='word_1_98' title='bbox 1077 1674 1289 1734; x_wconf 80' lang='lat' dir='ltr'><strong>pulcras</strong></span> <span class='ocrx_word' id='word_1_99' title='bbox 1315 1693 1395 1722; x_wconf 81' lang='lat' dir='ltr'><strong>ae·-</strong></span> 
     </span>
     <span class='ocr_line' id='line_1_17' title="bbox 65 1759 1395 1821; baseline -0.008 -9"><span class='ocrx_word' id='word_1_100' title='bbox 65 1768 164 1813; x_wconf 82' lang='lat' dir='ltr'><strong>des.</strong></span> <span class='ocrx_word' id='word_1_101' title='bbox 276 1761 413 1810; x_wconf 86' lang='lat' dir='ltr'><strong>Haec</strong></span> <span class='ocrx_word' id='word_1_102' title='bbox 469 1761 624 1821; x_wconf 89' lang='lat' dir='ltr'><strong>enim,</strong></span> <span class='ocrx_word' id='word_1_103' title='bbox 682 1759 916 1807; x_wconf 86' lang='lat' dir='ltr'><strong>dissoluta</strong></span> <span class='ocrx_word' id='word_1_104' title='bbox 957 1759 1167 1809; x_wconf 83' lang='lat' dir='ltr'><strong>inuicem</strong></span> <span class='ocrx_word' id='word_1_105' title='bbox 1222 1775 1269 1811; x_wconf 88' lang='lat' dir='ltr'><strong>et</strong></span> <span class='ocrx_word' id='word_1_106' title='bbox 1323 1764 1395 1812; x_wconf 89' lang='lat' dir='ltr'><strong>ni.</strong></span> 
     </span>
     <span class='ocr_line' id='line_1_18' title="bbox 65 1848 1395 1916; baseline 0 -15"><span class='ocrx_word' id='word_1_107' title='bbox 65 1853 171 1901; x_wconf 88' lang='lat' dir='ltr'><strong>hilo</strong></span> <span class='ocrx_word' id='word_1_108' title='bbox 243 1852 405 1900; x_wconf 85' lang='lat' dir='ltr'><strong>minus</strong></span> <span class='ocrx_word' id='word_1_109' title='bbox 472 1850 813 1916; x_wconf 84' lang='lat' dir='ltr'><strong>praecipitata,</strong></span> <span class='ocrx_word' id='word_1_110' title='bbox 879 1848 1109 1898; x_wconf 84' lang='lat' dir='ltr'><strong>adferunt</strong></span> <span class='ocrx_word' id='word_1_111' title='bbox 1188 1867 1395 1903; x_wconf 87' lang='lat' dir='ltr'><strong>conten-</strong></span> 
     </span>
     <span class='ocr_line' id='line_1_19' title="bbox 66 1937 1393 2009; baseline -0.001 -16"><span class='ocrx_word' id='word_1_112' title='bbox 66 1944 210 1994; x_wconf 73' lang='lat' dir='ltr'><strong>tionis</strong></span> <span class='ocrx_word' id='word_1_113' title='bbox 256 1942 497 2009; x_wconf 87' lang='lat' dir='ltr'><strong>speciem,</strong></span> <span class='ocrx_word' id='word_1_114' title='bbox 558 1958 684 2007; x_wconf 86' lang='lat' dir='ltr'><strong>quae</strong></span> <span class='ocrx_word' id='word_1_115' title='bbox 743 1937 921 1988; x_wconf 86' lang='lat' dir='ltr'><strong>codem</strong></span> <span class='ocrx_word' id='word_1_116' title='bbox 962 1955 1184 2006; x_wconf 89' lang='lat' dir='ltr'><strong>tempore</strong></span> <span class='ocrx_word' id='word_1_117' title='bbox 1231 1957 1277 1991; x_wconf 84' lang='lat' dir='ltr'><strong>et</strong></span> <span class='ocrx_word' id='word_1_118' title='bbox 1320 1962 1393 1993; x_wconf 84' lang='lat' dir='ltr'><strong>re-</strong></span> 
     </span>
     <span class='ocr_line' id='line_1_20' title="bbox 69 2022 1401 2100; baseline -0.001 -17"><span class='ocrx_word' id='word_1_119' title='bbox 69 2022 223 2083; x_wconf 61' lang='lat' dir='ltr'><strong>tardat</strong></span> <span class='ocrx_word' id='word_1_120' title='bbox 277 2047 324 2082; x_wconf 91' lang='lat' dir='ltr'><strong>et</strong></span> <span class='ocrx_word' id='word_1_121' title='bbox 381 2031 636 2088; x_wconf 34' lang='lat' dir='ltr'><strong>accelerat..</strong></span> <span class='ocrx_word' id='word_1_122' title='bbox 751 2028 893 2084; x_wconf 82' lang='lat' dir='ltr'><strong>Talia</strong></span> <span class='ocrx_word' id='word_1_123' title='bbox 951 2044 1096 2096; x_wconf 82' lang='lat' dir='ltr'><strong>poeta</strong></span> <span class='ocrx_word' id='word_1_124' title='bbox 1158 2022 1401 2100; x_wconf 16' lang='lat' dir='ltr'><strong>asyndeto—</strong></span> 
     </span>
     <span class='ocr_line' id='line_1_21' title="bbox 72 2121 316 2189; baseline -0.016 -16"><span class='ocrx_word' id='word_1_125' title='bbox 72 2121 316 2189; x_wconf 85' lang='lat' dir='ltr'><strong>expressit.</strong></span> 
     </span>
    </p>
   </div>
   <div class='ocr_carea' id='block_1_6' title="bbox 70 2325 1398 2596">
    <p class='ocr_par' dir='ltr' id='par_1_6' title="bbox 70 2325 1398 2596">
     <span class='ocr_line' id='line_1_22' title="bbox 70 2325 1398 2413; baseline 0 -19"><span class='ocrx_word' id='word_1_126' title='bbox 70 2325 137 2395; x_wconf 83' lang='lat' dir='ltr'><strong>In</strong></span> <span class='ocrx_word' id='word_1_127' title='bbox 172 2345 343 2413; x_wconf 85' lang='lat' dir='ltr'><strong>primis</strong></span> <span class='ocrx_word' id='word_1_128' title='bbox 375 2362 491 2395; x_wconf 83' lang='lat' dir='ltr'><strong>vero</strong></span> <span class='ocrx_word' id='word_1_129' title='bbox 524 2347 792 2397; x_wconf 85' lang='lat' dir='ltr'><strong>multitudo</strong></span> <span class='ocrx_word' id='word_1_130' title='bbox 829 2351 1097 2411; x_wconf 87' lang='lat' dir='ltr'><strong>figurarum</strong></span> <span class='ocrx_word' id='word_1_131' title='bbox 1130 2347 1183 2395; x_wconf 90' lang='lat' dir='ltr'><strong>in</strong></span> <span class='ocrx_word' id='word_1_132' title='bbox 1219 2345 1398 2397; x_wconf 87' lang='lat' dir='ltr'><strong>eodem·</strong></span> 
     </span>
     <span class='ocr_line' id='line_1_23' title="bbox 70 2437 1395 2500; baseline 0.001 -14"><span class='ocrx_word' id='word_1_133' title='bbox 70 2438 185 2486; x_wconf 86' lang='lat' dir='ltr'>loco</span> <span class='ocrx_word' id='word_1_134' title='bbox 222 2454 423 2485; x_wconf 82' lang='lat' dir='ltr'><strong>mouere</strong></span> <span class='ocrx_word' id='word_1_135' title='bbox 458 2437 608 2500; x_wconf 88' lang='lat' dir='ltr'><strong>solet,</strong></span> <span class='ocrx_word' id='word_1_136' title='bbox 646 2457 758 2487; x_wconf 89' lang='lat' dir='ltr'><strong>cum</strong></span> <span class='ocrx_word' id='word_1_137' title='bbox 806 2438 932 2489; x_wconf 86' lang='lat' dir='ltr'><strong>duae</strong></span> <span class='ocrx_word' id='word_1_138' title='bbox 975 2455 1057 2488; x_wconf 88' lang='lat' dir='ltr'><strong>aut</strong></span> <span class='ocrx_word' id='word_1_139' title='bbox 1101 2453 1221 2498; x_wconf 79' lang='lat' dir='ltr'><strong>tres,</strong></span> <span class='ocrx_word' id='word_1_140' title='bbox 1267 2453 1395 2488; x_wconf 88' lang='lat' dir='ltr'><strong>tam-</strong></span> 
     </span>
     <span class='ocr_line' id='line_1_24' title="bbox 74 2528 1394 2596; baseline 0.002 -22"><span class='ocrx_word' id='word_1_141' title='bbox 74 2546 219 2593; x_wconf 83' lang='lat' dir='ltr'><strong>quam</strong></span> <span class='ocrx_word' id='word_1_142' title='bbox 255 2528 478 2575; x_wconf 87' lang='lat' dir='ltr'><strong>societate</strong></span> <span class='ocrx_word' id='word_1_143' title='bbox 511 2530 822 2589; x_wconf 88' lang='lat' dir='ltr'><strong>coniunctae,</strong></span> <span class='ocrx_word' id='word_1_144' title='bbox 857 2529 920 2578; x_wconf 88' lang='lat' dir='ltr'><strong>ad</strong></span> <span class='ocrx_word' id='word_1_145' title='bbox 970 2531 1140 2589; x_wconf 87' lang='lat' dir='ltr'><strong>robur,</strong></span> <span class='ocrx_word' id='word_1_146' title='bbox 1191 2548 1394 2596; x_wconf 86' lang='lat' dir='ltr'><strong>persua-</strong></span> 
     </span>
    </p>
   </div>
   <div class='ocr_carea' id='block_1_7' title="bbox 72 2618 1392 2683">
    <p class='ocr_par' dir='ltr' id='par_1_7' title="bbox 72 2618 1392 2683">
     <span class='ocr_line' id='line_1_25' title="bbox 72 2618 1392 2683; baseline -0.001 -17"><span class='ocrx_word' id='word_1_147' title='bbox 72 2618 259 2667; x_wconf 84' lang='lat' dir='ltr'><strong>sionem</strong></span> <span class='ocrx_word' id='word_1_148' title='bbox 295 2633 343 2672; x_wconf 76' lang='lat' dir='ltr'><strong>et.</strong></span> <span class='ocrx_word' id='word_1_149' title='bbox 375 2633 597 2667; x_wconf 84' lang='lat' dir='ltr'><strong>ornatum</strong></span> <span class='ocrx_word' id='word_1_150' title='bbox 632 2621 899 2669; x_wconf 79' lang='lat' dir='ltr'><strong>conferunt.</strong></span> <span class='ocrx_word' id='word_1_151' title='bbox 972 2620 1048 2668; x_wconf 80' lang='lat' dir='ltr'><strong>Ex</strong></span> <span class='ocrx_word' id='word_1_152' title='bbox 1083 2621 1180 2670; x_wconf 86' lang='lat' dir='ltr'><strong>hoc</strong></span> <span class='ocrx_word' id='word_1_153' title='bbox 1216 2635 1392 2683; x_wconf 87' lang='lat' dir='ltr'><strong>genere</strong></span> 
     </span>
    </p>
   </div>
  </div>
 </body>
</html>
