1752 3118
242 335 244 338 v
286 281 402 323 ‘cm
646 272 744 322 DE
779 272 1252 324 ANAGLYPHO

279 396 366 447 Ibet
389 395 724 444 testimoniums
766 396 1025 446 Enimuero
1047 398 1202 446 victor
1223 416 1389 463 parum
1411 400 1605 449 conten·
1661 450 1664 453 ,

279 478 360 513 tus
394 477 489 512 tam
515 462 689 525 insigni
715 463 920 525 honore,
969 482 1019 511 se
1045 465 1202 529 ipsum
1226 465 1470 531 Apollinis
1497 467 1606 514 Μαι

283 544 466 595 sagetae
493 545 539 578 et
560 529 836 578 citharoedi
860 531 1061 594 imagine
1091 533 1248 594 effingi
1274 533 1432 593 iussit,
1470 531 1607 581 addi-

280 599 341 645 tis
363 596 549 645 duabus
569 597 752 644 feminis
778 596 1132 659 sacerdotibus,
1167 598 1217 644 in
1241 601 1413 664 quibus
1438 599 1475 647 si
1499 601 1605 664 quis

208 702 211 705 -
278 664 501 725 Dianam,
534 682 767 725 sororem,
791 678 837 710 et
848 664 1097 724 Latonam,
1123 680 1321 713 matrem
1344 666 1608 731 Apollinis,

284 748 524 795 expressas
553 749 652 779 esse
684 730 866 780 diuinet
899 731 959 780 ad
997 731 1377 797 amplificandam
1410 733 1606 781 victoris

279 797 553 846 iactabundi
571 798 769 863 gloriam
783 836 797 861 ,
818 816 904 849 nae
930 800 969 847 is
994 816 1090 846 non
1106 800 1308 846 multum
1331 800 1566 847 aberrabit
1579 818 1607 848 a

279 882 409 914 vero.
467 866 602 914 Haec
627 881 698 914 est
721 867 949 915 sententia
970 866 1234 925 Viscontii,
1270 866 1424 914 tribus
1445 865 1603 914 verbis

276 944 461 980 'tantum
492 946 862 980 commemorata
893 952 919 982 a
956 932 1184 991 Radelio,
1240 933 1419 997 quippe
1458 948 1605 996 quam

277 999 508 1062 peculiari
554 998 906 1061 dissertatione,
955 1000 997 1046 si
1041 999 1195 1046 otium
1245 1012 1463 1063 suppetat
1497 1013 1607 1064 post

280 1063 636 1127 Iconologiam,
682 1082 802 1129 opus
834 1066 934 1112 eius
970 1065 1374 1126 recentissimum,
1418 1065 1607 1113 absolu-

279 1144 402 1192 tam,
460 1131 651 1180 vberius
687 1149 739 1180 se
783 1131 1106 1196 expositurum
1153 1149 1252 1179 esse
1293 1132 1606 1196 profitebatur

278 1215 489 1246 summus
509 1198 814 1260 antiquarius.
862 1199 953 1246 Cui
977 1199 1235 1246 sententiae
1253 1199 1293 1247 si
1314 1196 1421 1262 quis
1446 1200 1607 1246 calcu-

275 1265 381 1312 lum
403 1282 541 1312 suum
559 1264 764 1313 adiicere
790 1278 1017 1330 tanquam
1039 1265 1228 1329 longius
1252 1266 1496 1313 arcessitae
1517 1264 1607 1313 du·-

274 1331 420 1393 bitet,
479 1331 558 1380 vix
593 1346 749 1380 tamen
783 1332 916 1380 aliter
952 1349 1050 1378 rem
1086 1331 1333 1395 expediet3
1387 1331 1608 1394 sudabit,

276 1399 509 1449 aestuabit
539 1400 772 1458 multum,
819 1416 907 1446 nec
940 1398 1042 1445 veri
1071 1398 1355 1446 similiorem
1388 1399 1605 1462 reperiet.

277 1464 404 1513 Nam
431 1464 516 1528 qui
544 1479 590 1512 et
609 1465 700 1512 hac
724 1478 772 1511 et
790 1464 1026 1529 superiori
1048 1477 1196 1512 aetate
1217 1465 1372 1513 obiter
1395 1463 1516 1512 illud
1539 1479 1606 1512 at-

277 1531 486 1595 tigerunt
520 1530 772 1595 antiquarii
809 1530 1143 1590 laudatissimi,
1193 1551 1361 1598 parum
1393 1533 1608 1596 profece-

277 1613 390 1647 runt
412 1610 459 1646 et
489 1599 709 1662 exemplo
730 1615 817 1645 suo
831 1634 845 1659 ,
881 1597 1068 1646 nodum
1088 1598 1170 1645 hic
1191 1600 1293 1646 esse
1313 1597 1502 1649 vindice
1530 1597 1608 1646 di-

280 1683 451 1731 gnum,
483 1665 938 1730 .comprobarunt*).
993 1665 1150 1713 Satius
1178 1665 1324 1730 igitur
1345 1666 1434 1713 erit
1462 1665 1606 1714 vesti-

322 1843 350 1887 *)
372 1843 473 1876 Duos
498 1855 516 1875 e
537 1844 720 1886 pluribus,
745 1845 873 1886 quibus
892 1848 1137 1878 testimonium
1163 1844 1374 1881 denunciare
1398 1855 1602 1887 possemus,

251 1896 576 1922 scommemorasse
605 1889 778 1928 sufficiat,
823 1891 916 1922 viros
947 1893 984 1923 in
1017 1891 1084 1922 hoc
1114 1900 1237 1932 genere
1269 1891 1600 1932 praestantissimos.

279 1934 461 1968 Habemus
481 1945 642 1966 marmor
664 1934 904 1977 anaglyphum
916 1947 977 1967 seu
999 1936 1241 1977 fragmentum
1255 1936 1374 1977 potius
1396 1942 1604 1966 truncatum.

280 1980 318 2012 in
337 1980 426 2011 ‘villa
437 1978 576 2011 Albana
598 1979 688 2010 olim
710 1981 844 2019 visum,
871 1980 967 2022 quod
985 1981 1146 2022 primum
1164 1978 1277 2011 edidit
1290 1976 1606 2010 Winkelmannus

281 2025 319 2057 in
346 2021 581 2055 monumenti·
608 2021 748 2054 inediti
778 2036 812 2057 n.
836 2023 889 2055 25.
911 2024 1021 2062 Periit
1055 2026 1166 2066 figura
1197 2023 1242 2055 ad
1273 2023 1378 2066 pedes
1405 2034 1513 2065 vsque
1538 2023 1601 2054 de-

280 2058 415 2108 fracta,
460 2068 520 2100 sed
541 2070 702 2100 restituta
725 2080 744 2100 a
769 2071 962 2101 recentiore
983 2070 1136 2107 artifice,
1177 2076 1414 2108 monstratore
1440 2066 1602 2101 Winkel-

280 2124 435 2154 manno,
466 2122 501 2145 et
527 2115 562 2145 in
583 2113 711 2145 Bacchi
729 2112 886 2150 formam
910 2113 1065 2146 redacta.
1115 2114 1317 2146 Incolumes
1335 2120 1539 2144 manserunt
1558 2114 1605 2144 fi-

280 2169 388 2201 gurae
410 2158 521 2197 duae,
545 2158 702 2190 Victoria
727 2157 772 2189 ad
793 2160 938 2200 cippum
959 2159 1131 2192 collocata
1158 2166 1192 2190 et
1215 2168 1234 2188 e
1251 2159 1434 2200 gutturnio
1455 2157 1605 2188 libatio-

280 2214 364 2236 nem
386 2204 568 2245 inuergens
588 2211 741 2245 paterae,
765 2213 876 2245 quam
892 2203 1018 2235 dextra
1038 2206 1186 2236 sustinet
1204 2204 1303 2244 virgo
1326 2203 1360 2233 in
1381 2202 1515 2234 Dianae
1537 2201 1604 2232 ha·-

280 2247 404 2280 bitum
433 2249 647 2290 composita,
672 2249 812 2288 sinistra
834 2247 949 2280 facem
968 2259 1153 2290 proceram
1179 2255 1325 2290 gestans.
1371 2245 1475 2279 Canis
1494 2257 1604 2278 vena-

282 2293 385 2331 ticus,
409 2294 552 2323 arrectis
577 2292 723 2324 auribus
738 2291 783 2323 ad
798 2291 903 2334 pedes
927 2292 1089 2332 assidens,
1108 2292 1263 2324 Dianam
1278 2301 1348 2322 esse
1371 2290 1473 2323 docet
1496 2302 1603 2322 vena-

282 2338 412 2369 tricem
431 2338 565 2378 pariter
584 2344 619 2367 et
641 2332 840 2379 δᾳδοῦχον.
864 2336 972 2370 Varia
992 2338 1276 2370 comminiscitur
1290 2335 1336 2367 ad.
1353 2346 1491 2367 sensum
1500 2346 1603 2367 mar-

282 2382 396 2414 moris
414 2381 558 2420 mutili,
591 2380 652 2412 sed
672 2380 811 2412 duabus
832 2388 950 2414 tamen
973 2383 1092 2423 figuris
1123 2381 1239 2413 adhuc
1260 2380 1477 2412 exstantibus
1499 2380 1603 2412 facile

286 2425 534 2467 dignoscendi,
562 2425 858 2466 inuestigandum.
879 2423 929 2468 (p.
942 2436 997 2467 27.
1011 2424 1124 2469 seqq.)
1144 2427 1362 2459 Mentionem
1382 2426 1495 2457 iniicit
1515 2436 1603 2456 con-

283 2471 461 2502 similium
493 2480 721 2502 marmorum
747 2471 782 2502 in
802 2470 927 2503 eadem
958 2471 1045 2502 villa
1062 2473 1354 2514 propositorum:
1381 2469 1528 2510 „Diana
1566 2469 1604 2501 vi

284 2516 379 2547 tiene
401 2526 472 2547 una
501 2515 617 2557 lunga*
638 2514 732 2553 sace,
769 2524 869 2546 come
890 2516 924 2547 in
948 2517 1031 2548 altri
1052 2515 1267 2548 bassirelievi
1287 2514 1383 2546 della
1406 2513 1603 2545 medesima.

284 2560 387 2590 villa.
399 2558 422 2574 “
445 2558 587 2591 Ibidem
605 2559 732 2592 diserte
749 2567 1007 2592 commemorat
1021 2571 1181 2592 marmor
1201 2559 1319 2600 aliud,
1345 2560 1380 2591 in
1399 2570 1469 2601 quo
1479 2559 1602 2591 Victo-

284 2605 340 2637 ria
360 2611 470 2636 exstet
490 2604 697 2637 libationem
718 2604 865 2637 fundens
894 2605 929 2637 in
958 2613 1121 2647 pateram
1139 2605 1283 2644 Musae,
1319 2604 1376 2636 cui
1398 2615 1514 2635 comes
1536 2602 1600 2634 ad-

271 2656 356 2680 -stet
383 2647 512 2681 Diana.
558 2649 701 2682 Musam
725 2660 806 2692 ergo
836 2649 963 2689 habet,
989 2661 1095 2694 quem
1120 2649 1326 2693 Apollinem
1352 2647 1601 2681 citharoedum.

286 2704 358 2724 csse
378 2695 579 2726 statuimus.
615 2695 717 2727 Nam·
731 2693 774 2726 de
796 2694 862 2727 hoc
887 2696 982 2737 ipso,
1006 2695 1103 2738 quod
1124 2706 1207 2729 cum
1226 2695 1383 2727 maxime
1403 2700 1600 2738 pertracta-
