1752 3118
336 295 420 347 IN
451 292 761 345 FRONTE
794 290 1137 347 LONGINI.
1279 317 1397 351 cun

92 435 220 490 typa,
254 421 303 469 in
326 420 635 486 amplioribus
657 421 774 468 olim
801 419 926 469 atriis
954 418 1234 481 dedicanda,
1270 421 1401 471 aditu

91 489 425 555 prohiberetur
445 489 644 536 influens
665 503 981 553 spectatorum
1005 489 1151 535 turba.
1226 488 1403 537 Adhuc

93 557 216 604 enim
240 574 269 602 a
291 554 489 614 nemine,
505 555 589 619 qui
604 555 758 603 Musei
786 554 1096 620 perlustrandi
1122 572 1262 603 causa
1285 556 1402 615 illuc

93 622 306 683 accessit,
345 623 497 670 oculis
521 637 736 687 vsurpata
757 641 856 670 esse
879 623 1103 670 feruntur.
1137 623 1403 684 Selegimus

93 707 147 737 ex
171 690 261 736 illis
286 702 505 753 quatuor,
543 689 672 754 quod
700 691 853 755 primo
878 690 988 737 loco
1010 690 1206 752 ponitur
1227 691 1284 736 ab
1304 689 1404 737 edi-

90 756 274 803 toribus
295 757 658 821 Francogallicis
684 759 797 819 (tab.
818 755 964 819 VII.),
985 755 1067 804 sed
1094 756 1329 817 dolemus,
1353 756 1404 805 in

89 824 330 885 angustius
354 825 559 890 spatium>
581 825 638 872 ab
655 826 829 872 artifice
841 823 1075 889 Lipsieusi
1095 824 1404 889 redigendam

90 890 235 936 fuisse
263 891 491 955 picturam
520 892 847 954 Parisiensem,
884 889 1017 955 quod
1039 891 1210 954 figuras
1231 891 1405 938 maius-

89 958 223 1003 culas
249 958 374 1005 tituli
411 958 646 1022 angustiae
667 976 766 1005 non
790 972 1028 1022 caperent.
1084 957 1161 1006 Ad
1198 958 1405 1007 eundem

90 1035 244 1070 tamen
273 1023 522 1072 modulum
553 1026 646 1072 iam
678 1025 920 1073 redactum
947 1042 1046 1072 esse
1069 1044 1212 1074 vnum
1240 1043 1299 1073 ex
1330 1026 1405 1072 his

89 1090 361 1156 anaglyphis
403 1092 717 1140 intelleximus
749 1109 775 1139 c
815 1094 1164 1157 comparatione
1207 1093 1407 1140 tabellae

88 1173 194 1203 aere
227 1158 485 1223 exscriptae
513 1160 562 1206 in
599 1159 812 1206 versione
834 1158 1029 1205 Etrusca
1062 1159 1218 1222 magni
1249 1159 1407 1222 operis

90 1221 524 1272 VVinkelmanniani
541 1262 554 1286 ,
590 1225 638 1271 in
665 1242 756 1288 qua
783 1223 1167 1272 Mediolanenses
1195 1223 1414 1275 editores

86 1290 322 1354 primum,
345 1290 453 1339 dein
475 1292 718 1339 Romanus
741 1290 912 1350 editor,
937 1294 1144 1339 Carolus
1157 1295 1276 1351 Fea,
1302 1309 1408 1338 ana-

87 1356 318 1421 glyphum
347 1357 582 1407 eiusmodi
609 1375 782 1423 paruae
811 1357 1011 1406 tabellae
1036 1358 1244 1422 insculpi
1271 1363 1414 1406 cura-⁴

85 1437 197 1471 runt
209 1423 268 1483 *).
526 1422 528 1424 ’

186 1500 243 1548 In
276 1520 380 1551 area
407 1505 572 1571 templi
594 1504 829 1569 Apollinis
849 1503 1136 1566 transigitur,
1173 1502 1409 1569 quicquid

87 1567 184 1615 hoc
207 1569 318 1617 loco
338 1571 477 1618 nohis
502 1572 565 1618 ob
591 1572 758 1619 oculos
789 1571 994 1634 positum
1021 1569 1271 1617 cernimus.
1308 1571 1410 1617 Ar·-

88 1650 314 1698 gumento
337 1651 405 1683 est
426 1637 611 1700 signum
635 1637 876 1701 Apollinis
890 1637 1027 1701 Lycii
1052 1636 1175 1699 (nam
1203 1650 1273 1684 est
1291 1634 1407 1683 deus

88 1701 370 1763 arcitenens)
398 1702 542 1768 cippo
568 1721 653 1750 seu
685 1703 965 1752 columellae
993 1703 1298 1766 impositum,
1333 1720 1408 1750 se-

85 1768 298 1816 cundum
329 1770 708 1835 antiquissimum
733 1771 916 1836 priscae
941 1769 1169 1817 Graeciae
1193 1785 1405 1829 morem,

87 1853 184 1899 quo
203 1835 397 1901 siugulis
411 1838 573 1884 statuis
593 1837 836 1885 aediculae
860 1851 905 1884 et
924 1837 1075 1884 cellae
1088 1836 1305 1884 nondum
1328 1835 1410 1883 de-

87 1901 264 1950 dicatae
308 1918 474 1951 essent.
544 1905 719 1967 Figura
765 1905 881 1952 alata
923 1904 1272 1968 (Victoriolam
1308 1920 1409 1952 esse

85 1970 236 2034 prima
254 1971 408 2018 fronte
430 1972 581 2020 statim
604 1970 951 2037 deprehendes)
965 1972 1126 2018 vinum
1146 1988 1173 2016 e
1192 1970 1407 2030 vasculo,

89 2037 220 2100 quod
239 2037 524 2102 simpuuium
545 2056 632 2104 per
651 2057 727 2087 me
749 2038 957 2104 appelles
976 2038 1111 2098 licet,
1138 2038 1276 2085 altius
1298 2037 1411 2085 sub-

88 2103 186 2151 lato
218 2103 267 2150 in
292 2119 524 2170 pateram,
571 2124 712 2171 quam
739 2106 940 2154 sustinet
965 2107 1115 2167 figura
1151 2104 1241 2152 alia
1265 2102 1412 2152 exad-

89 2186 276 2219 versum
295 2173 474 2237 posita,
503 2172 724 2221 infundit.
768 2172 827 2220 Id
843 2171 1059 2219 sacrificii
1079 2188 1252 2235 genus,
1278 2169 1411 2237 quod

89 2374 151 2405 vix
178 2375 210 2405 in
232 2374 293 2406 illa
315 2384 436 2418 parte,
464 2389 552 2421 quae
569 2376 686 2410 Villae
709 2374 867 2409 Albanae
888 2375 1070 2408 thesauros
1091 2375 1411 2417 complecteretur,

91 2418 274 2451 absoluere
298 2423 460 2461 potuisse.
513 2423 572 2455 Sic
603 2424 796 2464 intercepta
826 2429 875 2454 est
895 2424 1015 2453 messis
1042 2423 1078 2453 iu
1113 2419 1231 2453 herba.
1279 2418 1427 2460 Lugete'

86 2460 255 2501 Ueneres,
279 2465 434 2507 plangite
459 2467 600 2500 Musae!

130 2526 159 2569 ⁴¹)
192 2526 318 2559 Stoi-ia
348 2527 437 2561 delle
469 2530 558 2563 Arti
589 2531 649 2565 del
679 2522 848 2577 Disegn'o
885 2534 988 2566 Tom.
1014 2531 1062 2565 11.
1096 2543 1130 2575 p.
1146 2529 1219 2564 162.
1244 2525 1299 2560 ed·
1320 2526 1410 2559 Fet!-

88 2571 205 2604 Multa
231 2574 278 2605 ibi
307 2574 454 2607 nitidius
483 2583 517 2607 et
547 2577 744 2612 distinctius
767 2589 928 2621 expressa
958 2577 1093 2615 videas,
1116 2585 1229 2617 quam
1246 2575 1282 2605 in
1304 2582 1412 2613 opere

89 2616 353 2650 Pirauesiorum
374 2619 549 2653 sumtibus
567 2623 682 2663 edito,
709 2627 744 2657 in
768 2635 838 2667 quo
856 2621 1085 2666 procudendo
1107 2619 1291 2662 complura
1316 2617 1410 2646 osci-

89 2669 204 2693 tanter
236 2671 269 2694 et
295 2674 516 2707 praepostere
546 2666 636 2699 sacta
660 2679 752 2708 esse,
794 2668 915 2700 dolent
939 2677 1079 2708 omnes,
1112 2666 1174 2707 qui
1195 2660 1323 2706 grandi
1349 2671 1408 2693 ar—

91 2714 195 2747 gento
217 2717 288 2740 sese
309 2718 489 2744 emunctos
512 2722 595 2754 esse,
618 2723 695 2747 sero
715 2714 930 2757 intelligunt·
