1752 3118
218 302 317 352 ET
350 297 707 350 SCRIPTIS
742 297 1098 348 LONGIN'I.
1188 316 1398 353 mcxxxv«

83 427 213 475 nauit
242 423 435 473 fabula?
481 424 668 490 Nempe
701 424 760 472 ab
789 421 1099 473 immoderata
1130 437 1176 472 et
1199 422 1398 472 minime

82 494 345 541 Christiana
365 490 678 538 maledicendi
701 491 919 550 licentia,
958 509 1100 556 quam
1126 490 1253 538 illius
1275 504 1398 537 aeta-

80 561 141 607 tis
173 558 430 607 orthodoxi
462 558 556 605 sihi
588 558 638 605 in
669 557 910 622 quoslibet
937 576 962 604 a
980 576 1042 605 .se
1070 557 1398 605 dissentientes

79 627 335 675 sumebant.
398 625 660 672 Accusatus
706 639 805 672 erat
846 623 1018 672 Paulus
1063 624 1399 673 Samosatenus

82 710 195 741 cum
222 693 286 740 ob
309 692 420 739 alias
444 691 723 757 opiniones,
759 708 874 755 quas
895 692 1070 739 referre
1093 692 1293 757 longum
1311 702 1399 750 est,

83 775 130 806 et
152 757 282 806 haud
307 758 621 813 necessarium
636 794 650 820 ,
688 772 788 806 tum
816 758 880 804 ob
905 756 1129 807 Iudaismi
1153 757 1403 823 suspicio-

78 843 216 885 nem3
252 842 368 873 mox
391 825 527 872 etiam
550 825 742 872 Patrum
758 823 956 873 decreto
977 826 1271 891 Episcopatu
1292 823 1406 872 An-

79 892 305 939 tiocheno
333 891 556 940 deiectus.
602 891 749 938 Hunc
771 892 828 939 ab
851 891 1129 941 aduersariis
1147 892 1404 941 vehemen-

78 973 150 1006 ter
175 959 452 1023 exagitatum
463 984 475 996 -2
484 976 591 1006 cum
612 958 854 1019 Zenobia,
891 960 1063 1008 mulier
1086 958 1403 1026 philosopha,

80 1040 129 1073 et
169 1025 218 1072 in
265 1025 493 1088 religione
536 1024 723 1074 diuersa
756 1027 1008 1076 sentientes
1042 1027 1182 1075 facile
1218 1028 1399 1087 ferens,

80 1091 324 1139 tuendum
339 1093 635 1158 suscepisset,
670 1092 960 1155 Orthodoxi,
990 1094 1225 1154 dolorem,
1259 1110 1406 1159 quem

80 1158 193 1206 iude
229 1173 474 1224 ceperant,
522 1159 827 1220 vlciscenteS,
875 1177 975 1210 non
1018 1160 1167 1210 modo
1204 1161 1405 1208 Paulum

81 1226 442 1274 Samosatenum
463 1224 523 1274 ad
540 1243 668 1273 sacra
689 1226 882 1275 Iudaica
899 1228 1135 1276 transiisse
1148 1264 1162 1288 ,
1198 1227 1282 1275 sed
1301 1227 1404 1275 eius

81 1293 223 1339 etiam
246 1307 494 1358 patronam
507 1291 728 1341 Iudaeam
748 1310 876 1355 esse,
900 1311 990 1343 suo
1008 1295 1111 1342 iure
1129 1295 1408 1342 clamarunt}

81 1358 296 1407 Fuerunt
317 1360 439 1407 inter
459 1361 773 1420 recentiores,
822 1361 934 1426 qui,
969 1375 1020 1415 vt
1038 1378 1173 1410 error
1191 1379 1406 1411 errorem

82 1443 250 1492 parere
270 1427 421 1487 solet,
455 1426 662 1493 Moysen
683 1428 946 1490 aLongino
968 1429 1018 1477 in
1038 1429 1282 1477 Zenobiae
1304 1446 1407 1492 gra-

82 1494 193 1540 tiam
215 1492 458 1542 laudatum
479 1493 810 1542 existimarunt.
859 1494 1083 1551 Quorum
1108 1495 1275 1560 opinio
1297 1509 1408 1544 tum

83 1560 187 1607 aliis
226 1558 285 1607 de
313 1561 488 1608 caussis
518 1578 697 1624 parum·
716 1562 977 1627 probabilis
1005 1577 1100 1626 est,
1136 1577 1236 1611 tum
1270 1561 1409 1628 quod.

81 1625 331 1688 Longinus
362 1628 539 1674 librum
572 1632 689 1693 περὶ
726 1626 923 1692 ὕψους,
961 1644 1009 1678 et
1043 1629 1227 1695 reliqua
1250 1646 1410 1694 >opera

82 1693 268 1756 omnia,
302 1711 397 1742 vno
428 1694 620 1758 libello,
658 1712 801 1759 quem
831 1695 891 1744 de
919 1696 1160 1746 Odenathi
1183 1696 1409 1745 laudibus

83 1760 298 1824 scripsit,
348 1775 573 1826 excepto,
618 1761 846 1824 Athenis,
893 1778 1142 1828 antequam
1170 1764 1220 1811 in
1248 1764 1411 1814 Zeno-

80 1827 188 1875 biae
207 1827 426 1875 notitiam
443 1828 673 1891 venisset,
703 1828 908 1879 edidisse
928 1829 1130 1880 videtur.
1165 1831 1287 1880 Nam
1302 1831 1410 1879 Pal-

81 1910 243 1958 myrae
262 1894 394 1943 nulla
413 1895 646 1944 librorum
666 1895 962 1946 edendorum
981 1900 1178 1947 facultas
1193 1898 1410 1960 dabatur,

85 1959 415 2009 deficientibus
429 1999 446 2023 ‚
494 1980 699 2027 quorum
726 1982 871 2012 manu
894 1979 1129 2026 meretur,
1174 1966 1407 2029 librariis,

80 2041 133 2074 vt
165 2028 266 2092 ipse
300 2029 349 2076 in
379 2029 464 2095 Ep.
488 2030 547 2078 ad
574 2031 805 2096 Porphyr.
829 2033 1010 2098 p.'124.
1033 2034 1261 2099 queritur.
1331 2033 1409 2081 Ne

84 2094 235 2142 otium
264 2095 457 2159 quidem
480 2097 541 2144 ad
567 2098 708 2146 talem
731 2099 1040 2164 scriptionem
1060 2102 1119 2148 ab
1141 2101 1242 2149 aliis
1265 2101 1408 2148 rebus

85 2175 194 2208 erat.
229 2161 438 2212 Venerat
467 2165 551 2211 ille
576 2164 772 2228 quidem
794 2166 844 2213 iu
874 2167 1025 2215 aulam
1049 2167 1376 2234 Palmyrenam
1388 2204 1407 2227 ,

84 2241 136 2275 vt
169 2228 431 2279 Zenobiam
467 2232 660 2280 Graecis
694 2233 841 2282 literis
881 2232 1111 2285 erudiret·
1169 2234 1268 2283 Sed
1295 2252 1408 2284 mox

83 2294 326 2356 Zenobia,
363 2299 594 2363 cumipsa
615 2300 802 2364 imperii
822 2301 1029 2349 habenas
1052 2303 1406 2367 capessiuisset,

86 2374 134 2437 et
151 2379 378 2412 summam
396 2384 554 2414 rerum
570 2366 879 2430 gerendarum
897 2368 1199 2433 prudentiam
1216 2371 1265 2418 in
1278 2370 1408 2418 Lon-

84 2445 200 2492 gmo
226 2434 558 2496 perspexisset,
605 2435 706 2483 eius
734 2436 933 2492 maxime
966 2437 1176 2485 consiliis
1207 2455 1413 2504 regnum

86 2494 409 2546 administrare
428 2503 598 2549 statuit.
645 2502 844 2551 Photius
861 2504 893 2550 l.
921 2522 960 2550 c.
982 2508 1078 2552 καὶ
1100 2507 1265 2553 πολλοὶ
1290 2522 1407 2554 συν-

85 2563 362 2626 ηγωνίζετο
382 2569 620 2632 Ζηνοβίᾳ
645 2570 707 2633 τῇ
727 2571 829 2618 τῶν
853 2570 1130 2636 Ὀσροηνῶν
1150 2572 1406 2632 βασιλίδι,

85 2630 360 2693 τήνᾶρχήν
379 2635 979 2701 κατεχούσῃὊδηνάθου
991 2639 1084 2686 τοῦ
1100 2638 1288 2704 ἅνδρός
1310 2639 1406 2687 αὖ·

86 2697 176 2761 τῆς
221 2699 666 2769 τετελευτηκύνας.Υ
707 2703 878 2767 βμίἀιιε
910 2723 950 2756 v.
971 2708 1252 2769 «Λογγῖνοςτ
1284 2707 1414 2773 ἄγῃ-ξ
