1752 3118
278 296 360 335 269.
554 292 783 334 NOTAE
827 292 910 333 AD
951 289 1032 332 DE
1070 259 1321 333 svstm.

281 421 368 457 σις,
397 407 509 460 quod
535 406 581 445 in
611 406 821 458 plerisque
847 404 981 445 Editis
1010 411 1089 455 est,
1118 418 1171 444 ne
1200 404 1407 444 Graecum
1437 405 1606 458 quidem

280 471 364 513 est,
396 471 438 502 et
458 463 627 516 praelo,
654 475 740 501 non
757 461 968 511 Manutio,
997 467 1215 515 acceptum
1235 461 1504 500 referendum
1531 469 1605 502 est.

280 519 474 560 Tovmvs.
752 538 756 541 ’

362 576 402 629 5.
435 576 474 617 4
512 578 600 618 τοῖς
625 590 714 615 απο
748 572 1010 626 διαφόρων..
1026 572 1210 627 .λόγων]
1253 572 1461 622 Pearcius,
1495 584 1607 622 cum,·

278 631 381 682 quid
400 629 518 684 λόγοι
537 631 836 683 significarent,
863 643 948 667 non
971 629 1164 675 videret,
1195 629 1443 667 sententiam
1470 629 1606 668 inter·-

278 699 388 737 pun
368 687 498 725 vendo
531 686 732 737 corrupit.
787 683 928 739 Λόγοι
957 692 1054 723 sunt
1081 700 1304 731 sermones,
1334 686 1524 737 linguae,
1556 690 1607 722 vt

277 740 501 779 Dacie1ius
521 742 638 779 vidit.
692 741 837 792 Polyb.
857 740 929 788 XI,
953 752 1015 790 17.
1050 740 1115 783 οἶς
1137 739 1190 781 οὐ
1210 739 1365 795 νόμος,
1397 739 1473 780 οὐκ
1487 739 1606 787 ἔθος,

279 795 330 836 οὐ
346 796 481 850 loyor,
496 796 573 847 οὐχ
592 793 730 860 ἕτερον
749 791 912 836 οὐδὲνἍΓ
884 811 936 843 ην
955 795 1111 837 κοινόν
1140 795 1343 834 'lhemist
1369 796 1487 834 Orat.
1498 795 1607 835 Vm.

277 864 318 903 p.
338 853 426 891 105.
439 853 483 890 C.
505 852 596 892 οὐδὲ
615 850 905 905 ὁμόγλωττον’
890 849 993 890 ὄντα
1005 854 1095 894 τοῖς
1115 850 1257 902 λόγοις
1267 856 1355 895 τοῖς
1376 852 1607 905 ἡμετέροις

277 906 343 947 RV
332 921 568 946 HNKENws.
623 906 735 944 Haec
757 906 864 943 male
893 906 1202 944 administrauit
1231 906 1297 943 vir
1327 907 1606 947 doctissimus.

278 961 364 1001 Nos
380 976 524 1000 veram
543 961 853 1000 distinctionem
878 974 972 997 cum
991 961 1174 998 Manutio
1196 967 1238 998 et
1263 960 1508 1000 Robortello
1533 975 1607 1000 re·-

277 1017 498 1055 stituimus.
559 1016 672 1054 Dicit
694 1022 832 1053 autem
864 1022 1007 1053 noster
1021 1015 1192 1078 rhetor,
1223 1029 1314 1053 eam
1338 1016 1505 1054 demum
1528 1030 1607 1054 ve-

277 1086 367 1110 ram
393 1085 480 1110 esse
501 1071 823 1119 sublimitatem,
852 1084 957 1122 quae
987 1071 1091 1110 viris
1118 1071 1305 1109 omnium
1335 1078 1519 1110 aetatum
1541 1078 1609 1110 at-

278 1140 357 1178 que
390 1127 626 1179 linguarum
660 1128 847 1177 placeat3
883 1126 1036 1178 quippe
1068 1139 1201 1178 quae,
1247 1127 1292 1164 in
1320 1139 1609 1180 quemcunque

278 1195 514 1221 sermonem
533 1181 733 1230 verteris,
763 1182 1034 1233 permanebit.
1094 1181 1216 1228 Quod
1238 1189 1281 1221 et
1297 1189 1410 1221 recte
1429 1182 1607 1221 adnota-

277 1237 340 1276 vit
361 1236 413 1276 cl.
433 1238 646 1276 Dacerius.
706 1237 906 1288 Equidem
924 1237 1037 1275 solus
1061 1237 1360 1290 Interpretum‚
1390 1239 1501 1289 quod
1525 1239 1609 1276 mi-

277 1294 407 1341 reris,
436 1307 527 1332 rem
546 1293 656 1331 vidit
673 1291 876 1344 Paganus:
910 1294 1083 1344 Quando
1118 1296 1226 1332 enim
1259 1308 1383 1333 vnum
1415 1295 1610 1347 quiddam

279 1357 319 1387 et
335 1351 444 1388 idem
460 1349 584 1388 simul
606 1349 653 1386 de
681 1349 822 1387 iisdem
847 1349 964 1386 rebus
989 1353 1120 1388 visum
1138 1349 1272 1400 ficerit
1303 1350 1484 1388 omn-ibus
1493 1378 1508 1396 ,
1538 1352 1611 1403 qui

279 1406 489 1450 institutis,
520 1407 628 1450 νίἰα,
646 1404 826 1449 stadiis,
858 1412 1012 1452 aetate,
1044 1406 1302 1451 LINGVA,
1332 1408 1438 1443 inter
1464 1420 1505 1444 se
1524 1407 1609 1458 difi-

268 1460 436 1512 fi’rcmt,
482 1469 581 1499 time
605 1465 682 1500 etc
728 1458 923 1497 Ceterum
951 1472 1038 1498 non
1071 1459 1263 1498 dissimili
1294 1460 1611 1511 argumentandi

278 1516 441 1554 latione
464 1517 597 1556 vtitur
623 1515 819 1566 Polybius
843 1515 913 1563 XI,
935 1528 999 1565 17.
1032 1516 1084 1553 de
1103 1514 1349 1554 Hannibale.
1387 1516 1496 1582 Εἶχε
1523 1529 1609 1570 γαρ

279 1571 475 1625 Λίβυας,
496 1571 679 1636 Ιβηοας
689 1601 702 1618 ,
733 1569 929 1618 Κελτούς,
960 1572 1193 1635 Φοίνικας,
1221 1569 1461 1619 Ἰταλούς,
1463 1568 1608 1620 Ἐλλη-

280 1642 382 1674 zac,
414 1628 479 1671 οἷς
501 1626 551 1667 οὐ
581 1625 735 1680 νόμος,
766 1625 842 1666 οὐκ
873 1626 1021 1674 ἔθος,
1027 1625 1078 1667 οὐ
1104 1627 1331 1675 ΛΟΓΟΣ,
1363 1626 1440 1679 οὐχ
1456 1624 1609 1692 «ἕτερον

282 1679 444 1723 οὐδὲν
417 1700 469 1732 ην
488 1697 635 1723 κοινον
665 1686 709 1722 ἐκ
741 1681 903 1731 φύσεως
933 1696 1042 1734 προς
1071 1681 1293 1731 ‹immove-
1325 1681 1409 1722 ἀλλ
1441 1679 1555 1738 ὅμως
1579 1682 1612 1732 ἦ

281 1738 369 1778 τοῦ
384 1736 647 1790 προεστῶτος
675 1735 880 1790 ἀγχίνοια
912 1738 988 1781 τοίς
1015 1737 1270 1786 τηλικαύτας
1301 1743 1377 1779 καὶ
1407 1739 1614 1782 τοιαύτας

280 1791 500 1847 διαφοράς
527 1792 619 1836 {voc
652 1795 787 1833 ἐποίει
816 1793 1148 1849 προστάγματος
1178 1793 1373 1842 ἀκούειν,
1421 1799 1497 1834 καὶ
1526 1812 1612 1850 μια
1581 1792 1612 1835 οἳ

283 1851 518 1891 πείθεσθαι
539 1848 700 1905 γνώμη.
758 1849 874 1895 Quae
894 1850 1003 1888 bona
1017 1849 1098 1887 fide
1116 1850 1246 1888 vertit
1267 1850 1410 1888 Liuius
1424 1851 1609 1901 XXVIII,

283 1894 802 1957 12.'lov111vs.>1670a
837 1906 914 1942 etsi
939 1918 1015 1956 per
1046 1918 1088 1942 se
1123 1912 1295 1956 possunt
1326 1919 1411 1943 esse
1445 1908 1612 1960 linguae

281 1967 353 1998 aut
374 1962 565 2007 dialecti,
595 1966 734 1998 tamen
758 1960 848 1998 11.1.
878 1959 984 1999 mihi
1012 1960 1127 1998 aliud
1154 1973 1240 1998 esse
1266 1961 1464 1999 videntm
1478 1964 1612 2014 q,uia

281 2017 501 2067 superiora
533 2016 695 2064 omnia,
736 2014 1072 2069 ἐπιτηδεύματα,
1103 2017 1195 2069 βίοι
1216 2023 1294 2054 etc.
1324 2016 1479 2054 referri
1509 2033 1612 2070 pos..

281 2079 380 2111 sunt
407 2072 458 2110 ad
490 2071 683 2110 homines
719 2071 902 2108 eiusdem
931 2071 1134 2120 nationis,
1175 2078 1218 2110 et
1257 2072 1377 2123 quia,
1408 2072 1455 2109 'si
1485 2074 1613 2113 latius

281 2134 427 2179 patere
445 2127 614 2166 volebat
633 2132 780 2165 auctor
798 2126 1001 2165 iudicium
1023 2141 1143 2165 suum
1157 2157 1167 2174 ‚
1199 2127 1354 2166 addere
1389 2127 1516 2168 etiam
1534 2131 1611 2169 de..

281 2183 407 2221 bebat
432 2182 587 2230 ἐθνῶν,
627 2181 872 2230 πολιτειῶν,
901 2181 1056 2237 νόμων.
1137 2183 1296 2221 Verum
1326 2185 1490 2234 linguas
1524 2200 1611 2225 esse

281 2251 501 2289 ponamus:
546 2251 647 2276 num
690 2237 892 2276 cledibile
923 2245 1007 2287 est,
1048 2241 1250 2278 Graecum
1275 2238 1491 2279 rhetorem
1525 2256 1612 2280 non

282 2295 406 2332 modo
427 2294 736 2340 Romanorum,
765 2292 837 2334 sed
858 2300 900 2331 et
919 2294 1154 2341 Celtarum,
1182 2294 1509 2357 Aegyptiorum,
1530 2298 1611 2350 Sy-

282 2362 452 2412 rorum,
503 2347 755 2400 Scytharum
792 2348 1049 2401 aliarumque
1089 2349 1275 2400 gentium
1315 2350 1613 2392 existimationi

282 2405 519 2467 permisisse
539 2403 740 2441 iudicium
759 2403 810 2441 de
831 2405 1101 2451 sublimatum
1129 2418 1180 2456 pl
1183 2405 1375 2443 aesertim
1402 2420 1495 2445 cum
1519 2422 1612 2447 eam

282 2460 361 2498 niti
396 2466 550 2498 statuat
578 2454 724 2509 magna
764 2459 1011 2498 elocutionis
1052 2460 1277 2509 facultate,
1320 2463 1611 2515 continerique

283 2529 431 2568 magna
451 2529 503 2554 ex
525 2520 644 2566 parte
665 2513 832 2552 delectu
860 2517 1088 2554 verborum
1111 2516 1285 2567 aliisque
1302 2518 1425 2556 rebus
1455 2520 1610 2568 multis,

284 2584 389 2622 quae
408 2569 581 2622 cogitari
598 2582 684 2607 non
705 2577 878 2620 possunt
911 2571 1001 2609 sine
1027 2571 1220 2610 interiori
1242 2574 1423 2612 Graecae
1447 2577 1613 2626 linguae

285 2627 485 2665 scientia?
516 2650 568 2656 -
598 2626 663 2662 An
687 2625 798 2663 sorte
825 2626 934 2666 illud
955 2627 1198 2679 ponendum
1226 2634 1321 2678 post
1347 2644 1428 2670 των
1460 2630 1610 2680 αὐτῶν,

279 2688 335 2722 vt
350 2682 432 2721 sint
453 2683 586 2731 dicta,
616 2680 668 2719 de
689 2681 833 2733 quibus
859 2682 1062 2722 iudicium
1085 2682 1190 2721 ferri
1219 2683 1396 2723 debeat?
1428 2685 1509 2725 Sed
1531 2700 1612 2726 no-
