1752 3118
304 260 386 301 238
596 257 818 305 NOTAE
857 259 937 299 AD
974 259 1056 305 DE
1092 259 1341 301 SVBLIM.

385 357 723 427 Ἁμφικρᾶτους]
768 371 1077 424 Amphicrates‚
1115 373 1309 425 Sophista
1337 373 1617 420 Atheniensis,

300 428 437 481 patria
459 429 634 476 eiectus,
679 427 863 479 primum
894 429 1104 468 Seleuciae
1133 429 1341 478 exulauit‚
1380 429 1530 467 deinde
1571 431 1618 467 in

302 484 491 535 Tigranis
508 485 601 523 aula
634 483 766 532 vixit,
805 490 848 521 et
869 485 929 522 ibi
958 484 1096 522 inedia
1125 484 1264 537 periit.
1321 484 1432 522 Haec
1465 492 1507 523 et
1534 485 1617 523 alia.

302 540 356 579 de
380 552 429 577 eo
453 547 600 579 narrat
633 538 840 578 Plutarch.
868 539 1029 578 Lucull.
1057 554 1097 592 p.
1134 539 1224 580 506.
1243 540 1286 579 C.
1308 540 1434 578 Recte
1456 540 1617 579 Ionsius

303 596 354 635 de
366 597 518 647 Script.
539 595 644 634 Hist.
655 594 758 633 Phil.
777 594 825 634 II.
858 596 919 634 15.
946 610 984 647 p.
1004 610 1093 647 179.
1128 596 1165 634 ei
1184 596 1336 634 tribuit
1351 596 1508 634 librum
1520 599 1620 648 περὶ

300 652 470 701 ἐνδόξων
500 650 686 704 ἀνδρῶν,
715 663 838 702 quem
855 651 1030 699 laudant
1060 651 1295 689 Athenaeus
1326 651 1432 690 XIII.
1463 665 1503 702 p.
1525 651 1618 702 576.

301 709 344 747 C.
365 715 408 747 et
434 708 550 758 Diog.
578 707 713 744 Laert.
740 706 787 744 11‘.
822 719 908 746 101.
951 707 1100 745 Obiter
1129 708 1386 758 castigandus
1414 706 1616 745 ridiculus

296 763 545 815 Langbaenii
559 775 691 810 error,
711 762 783 813 qui
801 776 854 800 ex
873 761 981 800 male
994 769 1166 815 accepto
1184 763 1386 801 Athenaei
1399 762 1496 800 loco
1518 764 1618 800 Am—

297 819 498 872 phicratis
525 818 681 855 librum
709 818 892 855 versibus
917 819 1121 870 scriptum
1146 820 1328 870 putabat.
1405 817 1529 864 Quod
1566 817 1616 855 ab

298 874 512 914 Athenaeo
545 873 760 919 laudatur,

409 929 506 982 ’Λβο
510 927 656 968 ότονον
700 927 893 992 Θρήϊσσα
915 944 1017 980 γυνη
1039 932 1170 981 γένος·
1189 929 1299 970 ἄλλοτ’
1323 930 1526 969 tea-(offoca

523 983 610 1024 Τόν
629 986 765 1037 μέγαν
785 980 981 1032 Έλλησιν
1001 989 1114 1035 φασὶ
1138 986 1413 1039 &magontiae

298 1055 384 1080 non
406 1039 683 1090 Amphicratis
703 1038 911 1077 distichon
933 1046 1005 1089 est,
1035 1041 1132 1078 sed'
1121 1054 1238 1078 incer
1241 1042 1273 1078 ti
1292 1040 1586 1091 Epigramma
1571 1052 1620 1078 m

298 1097 584 1142 Abrotonum,
617 1095 725 1145 quod
747 1094 806 1132 ita
828 1094 1062 1134 scribitur
1049 1110 1095 1134 m
1110 1096 1359 1148 Anthologia
1378 1095 1552 1134 inedita:

409 1149 658 1217 ’Λβρότονον
691 1149 894 1216 Θρηϊσσα
914 1149 1018 1204 γυνή
1047 1154 1189 1192 ωέλον·
1218 1149 1327 1191 ἄλλα
1345 1153 1546 1191 τεκέσθαι

520 1205 607 1246 Τόν
628 1209 764 1261 μέγαν
777 1202 971 1255 Ἕλλησιν
994 1213 1107 1262 φημὶ
1132 1208 1407 1261 Θεμιςοκλεᾝα

296 1264 411 1304 Idem
437 1262 701 1314 Epigramma
724 1262 867 1300 laudat
887 1263 1167 1302 Plutarchus
1155 1277 1199 1301 m
1213 1262 1484 1301 Themistocl.
1505 1269 1547 1300 et
1567 1277 1615 1302 eo

299 1319 452 1358 alludit
471 1319 589 1356 Tem.
612 1318 657 1356 ΙΙ,
689 1332 728 1370 p.
758 1318 851 1369 753.
889 1317 938 1357 D.
994 1319 1304 1370 Amphicratem
1334 1320 1490 1357 iterum
1515 1332 1616 1370 per-

297 1375 463 1426 stringit
502 1373 671 1425 Longin.
704 1372 812 1411 Sect.
841 1373 906 1412 IV.
950 1373 1241 1415 Rvnsxnsivs.
1279 1374 1616 1413 Fraterculorum

294 1431 496 1479 istorum,
535 1428 812 1480 Amphicratis
843 1435 884 1467 et
912 1428 1131 1482 Hegesiae,
1170 1430 1406 1482 meminisse
1446 1429 1617 1467 videtur

294 1486 528 1525 Lucianus
516 1499 560 1522 111
583 1484 704 1522 Rhet.
725 1485 936 1537 Praecept.
966 1500 1005 1538 p.
1031 1500 1068 1537 9
1110 1484 1225 1526 Εἶτά
1260 1501 1305 1526 σε
1331 1483 1507 1525 κελεύσει
1538 1488 1615 1534 ζη-

294 1539 393 1583 λοῦν
415 1546 597 1584 ἐκείνους
611 1539 706 1584 τούς
725 1539 937 1592 αοχαιόυς
956 1541 1129 1595 ἄνδρας,
1157 1538 1265 1582 ἑωλα
1283 1540 1617 1595 παραδείγματα

295 1600 554 1651 παρατιθεὶς
575 1595 655 1637 τῶν
674 1595 819 1650 λόγων,
848 1596 899 1636 οὐ
927 1597 1058 1650 ῥᾴδια
1075 1600 1330 1652 μιαεῖσθαι,
1367 1597 1442 1637 οἶα
1467 1613 1520 1636 τα
1544 1613 1618 1645 της

294 1654 490 1697 παὶαιᾶς
507 1658 577 1706 ἐρ)
578 1657 709 1695 ασιάς
729 1657 827 1700 ἑςὶν,
857 1655 1136 1693 ΗΓΗΣΙΟΥ
1151 1658 1227 1693 καὶ
1247 1655 1328 1694 τῶν
1355 1650 1466 1707 ἀμφ
1488 1654 1616 1692 AM-

293 1711 632 1750 ΦΙΚΡΑΤΗΝ
646 1713 726 1747 καί
747 1708 983 1758 Νησιώτην.
1037 1709 1099 1747 Ita
1115 1710 1356 1748 scribendus
1384 1709 1462 1746 iste
1481 1708 1615 1747 locus.

292 1766 428 1816 Vulgo
446 1765 601 1816 legitur
625 1764 705 1804 τῶν
723 1762 842 1818 ἀμφὶ
866 1764 1086 1818 Κράτητα.
1143 1765 1221 1803 Per
1254 1763 1477 1813 Νησιώτην
1511 1777 1615 1802 vero

290 1821 604 1872 intelligendus,
632 1827 679 1858 vt
696 1827 811 1857 recte
821 1821 928 1859 vidit
947 1820 1162 1868 Graeuius,
1188 1821 1359 1872 Gorgias
1376 1819 1617 1867 Leontinus,

290 1877 439 1915 rhetor
460 1876 785 1927 antiquissimus,
816 1876 868 1914 de
891 1891 973 1929 quo
996 1890 1122 1928 supra
1141 1876 1315 1914 Noster:
1346 1883 1388 1914 et
1404 1876 1462 1913 sic
1487 1875 1616 1913 intel-

289 1932 500 1983 ligendus,
530 1931 704 1983 opinor,
735 1931 970 1971 Athenaeus
991 1933 1063 1970 lib.
1083 1944 1119 1970 2.
1141 1945 1182 1984 p.
1204 1945 1267 1983 70.
1315 1931 1532 1974 Ἑκαταῖος
1572 1931 1616 1970 δὲ

293 1988 317 2028 ὀ
325 1961 561 2036 t’Mtk‘iycnog
592 1992 635 2028 ἐν
665 1986 809 2031 Ἀσίας
835 1987 1104 2043 περιηγήσει,
1144 1993 1181 2027 εἰ
1216 1986 1399 2054 γνήσιον
1409 1986 1484 2027 τοῦ
1513 2002 1590 2040 συγ
1592 2014 1614 2019 -

289 2048 488 2098 αραφέως
506 2059 552 2084 το
578 2045 769 2098 βιβλίων
813 2046 1099 2100 Καλλίμαχος
1128 2057 1212 2097 γαο
1233 2059 1335 2083 αυτο
1370 2041 1471 2084 οὲνα
1459 2042 1616 2096 sedita

292 2100 630 2140 ΝΗΣῙΩΤΟΥ.
694 2100 777 2138 Sed
813 2100 865 2138 de
893 2100 974 2138 hoc
1005 2101 1190 2139 videlint
1218 2099 1384 2139 eruditi
1416 2099 1614 2138 Tovr1v.s

373 2161 449 2195 καὶ
475 2155 724 2209 Μάτοιδος]
756 2156 818 2194 De
852 2156 1027 2195 Man-ide
1058 2156 1093 2193 is
1099 2162 1139 2193 to
1173 2169 1322 2207 parum
1353 2161 1616 2206 compertum

286 2212 525 2251 habuerunt
552 2212 818 2264 Interpretes.
846 2212 1147 2263 Intelligendus
1173 2217 1311 2249 autem
1333 2211 1503 2249 videtur
1524 2210 1613 2248 Ma-

287 2268 365 2306 tris
394 2268 617 2317 Thebanus,
649 2269 720 2319 qui
740 2267 974 2306 encomium
1000 2268 1046 2305 in
1073 2266 1298 2304 Herculem
1330 2267 1517 2317 scripsit,
1543 2266 1612 2303 id-

287 2336 368 2375 que
392 2324 531 2361 soluta
551 2325 752 2372 oratione,
781 2324 815 2363 si
834 2322 1093 2375 Langbaenio
1110 2322 1346 2360 credideris,
1378 2321 1614 2360 Athenaeus

285 2379 359 2417 lib.
393 2379 443 2416 X.
474 2393 514 2430 p.
537 2381 631 2424 412.
663 2379 842 2433 Μᾶτρις
870 2378 912 2417 δὲ
939 2384 982 2420 ἐν
1012 2379 1067 2429 τῷ
1095 2377 1170 2418 τοῦ
1197 2378 1449 2430 Ἡρακλέους
1483 2383 1611 2430 ἐγκω-

285 2438 388 2490 μίῳ,
428 2440 504 2474 καὶ
533 2441 592 2478 εἰς
630 2438 904 2475 πολυποσίαν
935 2440 1044 2486 φησὶ
1070 2434 1142 2475 τόν
1184 2433 1394 2487 Ἡρακλέα
1423 2436 1612 2486 προκλη-

285 2491 424 2539 θῆναι
459 2489 545 2531 ὑπό
575 2507 650 2531 του
684 2493 908 2543 Λεπρεᾞως
963 2496 1039 2531 καὶ
1079 2489 1210 2530 πάλιν
1255 2490 1500 2539 νικηθῆναι.
1559 2489 1612 2527 ad

285 2559 410 2599 quem
431 2548 571 2585 locum
606 2547 886 2585 consulendus
912 2547 1188 2586 casaubonus.
1255 2547 1370 2584 idem
1398 2547 1469 2584 lib.
1495 2545 1542 2583 11.
1570 2559 1613 2596 p.

285 2605 353 2642 44.
383 2604 670 2644 Atheniensem
707 2610 843 2642 vocat.
903 2602 1081 2656 Mat-9⁶4,-
1112 2602 1154 2642 δὲ
1183 2601 1208 2642 o‘
1234 2601 1476 2651 Ἀθηναῖος,
1508 2596 1611 2640 ὅσον

285 2660 385 2714 ἐβίω
411 2658 585 2714 χρόνον,
615 2657 733 2702 οὐδὲν
755 2664 924 2701 ἐσιτεῖτο
953 2659 983 2708 ἢ
1009 2664 1218 2715 μυρσίνης
1242 2657 1396 2714 ὀλίγον.
1453 2657 1610 2697 chm
