1752 3118
385 237 668 284 tonetm
706 236 937 278 rRAGM.
965 236 1055 278 vn.
1276 248 1354 295 ιρι

30 359 154 424 ginis
189 376 216 408 e
252 358 397 407 rebus
433 351 683 419 corporeis
715 350 990 408 inuenitur,
1023 349 1209 400 etiamsi
1243 348 1357 418 quis

29 449 94 497 ad
150 448 351 515 Epicuri
399 443 764 511 Chrysippique
813 442 1094 509 exemplum
1138 440 1358 491 studiose

32 554 229 588 omnem
264 535 477 602 lapidem
512 548 708 582 moueat
735 547 782 582 et
810 549 980 581 omnes
1007 528 1229 598 exquirat
1253 549 1361 580 cor-

32 630 167 696 poris
202 628 468 682 facultates,
503 644 529 674 e
564 624 746 690 quihus
779 623 926 672 animi
962 621 1174 670 actiones
1196 622 1362 690 *oriani

31 734 124 769 tur.
187 716 326 775 Quid
363 716 492 766 enim
528 713 670 764 nobis
706 712 902 779 spiritus
937 712 1023 760 illa
1058 713 1264 762 tenuitas
1298 711 1362 761 ad
1396 721 1425 753 2

31 809 239 858 visiones
285 821 332 856 et
366 804 756 854 ratiocinationes
793 804 1015 853 conferre
1050 800 1239 869 possit?
1280 815 1364 851 aut

32 897 287 965 quomodo
337 912 615 945 atomorum
662 896 819 959 figura
855 911 959 942 eam
992 892 1140 941 habet
1174 906 1365 958 praeter

33 1003 193 1037 cetera
235 988 336 1034 vim
373 1004 579 1051 eamque
613 985 665 1032 in
698 999 837 1033 motu
875 983 1279 1041 conuersionem,
1313 998 1366 1033 vt

30 1076 342 1144 prudentiam
376 1076 589 1140 gignant,
625 1093 740 1124 cum
771 1073 824 1121 in
859 1074 981 1122 alius
1018 1075 1238 1140 corporis
1265 1075 1364 1123 for-

32 1168 243 1215 matione
276 1166 420 1213 simul
447 1162 818 1214 immiscentur?
853 1163 1100 1229 Equidem
1128 1164 1366 1223 existimo,

35 1257 218 1305 etiamsi
252 1255 363 1321 quis
386 1255 602 1305 Vulcani
624 1252 846 1320 tripodes
882 1267 928 1303 et
962 1253 1161 1302 ancillas
1187 1253 1365 1303 habeat

34 1352 270 1411 (quorum
305 1347 420 1396 illos
454 1346 700 1394 Homerus
735 1345 874 1409 fingit
908 1357 1082 1409 sponte
1125 1343 1188 1392 ad
1221 1344 1366 1392 mini-

35 1436 177 1484 steria
212 1434 499 1500 procedere,
534 1435 621 1483 has
652 1433 852 1482 domino
877 1435 929 1481 in
959 1433 1210 1482 laboribus
1247 1454 1365 1502 ope·-

34 1543 135 1573 ram
181 1539 422 1590 praestare
467 1539 514 1574 et
558 1525 781 1573 omnium
825 1524 1136 1584 facultatum,
1183 1526 1365 1592 quibus

34 1615 137 1664 viui
182 1614 408 1663 homines
453 1613 690 1678 gaudent,
737 1632 838 1663 esse
872 1614 1190 1680 participeS‚)
1234 1615 1368 1664 illud’

34 1706 227 1754 efficere
262 1722 362 1753 non
395 1721 564 1769 posse3
599 1703 787 1754 nedum
822 1704 863 1751 si
897 1702 1072 1752 haheat
1104 1705 1365 1770 particulas

37 1812 305 1861 corporum
339 1794 539 1842 fortuito
574 1809 737 1858 nataS‚
775 1811 902 1861 quae
937 1794 1118 1844 similes
1153 1811 1266 1845 sunt
1298 1798 1366 1845 la·

35 1885 171 1951 pillis
206 1884 258 1931 in
291 1884 455 1933 littore
479 1884 774 1947 iacentibus,
809 1883 948 1951 quod
968 1883 1031 1932 ad
1060 1885 1159 1933 vim
1183 1887 1367 1947 attinet,

36 1973 224 2037 insigne
269 1973 395 2039 quid
430 1973 697 2035 efficiendi,
744 1992 846 2040 quo
891 1974 1132 2024 sentiendi
1166 1977 1365 2027 facultas

41 2064 242 2112 exsistat.
312 2063 440 2112 Nam
468 2064 660 2113 Zenoni
698 2078 744 2113 et
780 2063 1004 2114 Cleanthi
1040 2066 1214 2114 merito
1252 2067 1364 2133 quis
1398 2071 1430 2120 3

38 2154 288 2216 irascatur,
328 2154 414 2219 qui
439 2168 536 2202 tam
565 2155 920 2204 contumeliose
941 2154 1004 2205 de
1027 2156 1188 2205 animo
1210 2157 1366 2208 locuti

42 2244 160 2292 sint:
202 2261 376 2309 nempe
409 2258 613 2311 vterque
648 2245 796 2307 dixit,
852 2264 965 2295 eum
1002 2248 1223 2313 corporis
1260 2267 1364 2300 esse

43 2334 407 2383 exhalationem.
451 2315 588 2393 Quid
625 2336 752 2385 enim
789 2335 879 2400 (dii
902 2337 1064 2398 bonil)
1101 2349 1369 2390 commune

44 2438 114 2473 est
147 2426 308 2495 auimo
346 2443 458 2472 cum
495 2426 830 2476 exhalatione?
875 2443 960 2477 aut
993 2428 1082 2495 qui
1118 2431 1363 2497 conuenit,

40 2515 282 2574 homineS,
319 2516 407 2580 qui
443 2530 489 2565 et
522 2532 731 2566 nostram
769 2532 815 2567 et
851 2534 1125 2569 ceterorum
1148 2523 1364 2572 animane·

42 2605 166 2653 tium
201 2620 420 2655 naturam
455 2608 625 2675 vapori
660 2609 867 2659 similem
905 2628 1006 2661 esse
1039 2626 1237 2681 putent,
1282 2614 1362 2665 vel
