1752 3118
443 277 716 323 LoNGINI
745 276 979 321 PRAGM.
1007 274 1118 320 vm.
1338 290 1433 325 201„

102 393 463 464 propemodum*
493 410 660 442 omnes
683 405 841 458 partes
876 388 1120 446 orationiS‚
1153 408 1214 438 ne
1248 391 1425 453 litteris

102 488 307 554 quidem
351 483 574 549 exceptis,
642 481 902 531 Adiiciuut
945 479 1068 529 adeo
1114 479 1214 527 duo
1249 482 1424 539 verba,

102 593 183 626 aut
205 580 351 644 plura.
420 574 479 622 In
508 573 584 622 his
606 572 695 623 tibi
722 576 876 638 genus
898 571 1131 620 sermonis
1154 569 1425 622 tenendum,

101 676 157 715 ‘ac
201 665 439 716 tuendum
484 678 596 714 est:·
629 681 727 712 non
761 677 894 711 tuam
929 660 1190 710 constitues
1224 679 1316 710 nec
1350 662 1422 709 in-

100 756 362 806 troducere
412 753 663 806 conaberis
708 751 949 820 loquendi
993 752 1175 816 legem,
1232 769 1290 800 ex
1324 769 1427 817 qua

99 846 161 895 sit
193 847 383 913 aliquid
418 844 808 910 adiungendum:
845 862 945 892 non
981 842 1108 892 enim
1141 843 1219 891 lex
1243 839 1426 890 sermo4

100 937 174 984 nis
221 956 246 986 e
294 938 436 986 nobis
472 935 683 1003 pendet,
730 933 817 983 sed
852 951 939 982 nos
974 952 1011 983 εγ
1036 933 1143 997 lege
1176 932 1424 981 sermonis.

99 1026 200 1075 Aut
234 1029 372 1092 quasi
409 1028 595 1076 omissis
634 1043 733 1092 uon
768 1024 917 1072 nullis
940 1025 1051 1074 Καὶ
1075 1023 1134 1071 ab
1161 1023 1298 1071 initio
1320 1039 1423 1070 non
1459 1032 1492 1081 7„

99 1122 278 1165 temere
321 1116 631 1175 adsciscitur,
681 1114 818 1182 quod
864 1115 1067 1180 praebet
1099 1113 1312 1179 speciem
1347 1129 1426 1160 va-
1480 1146 1484 1150 -

99 1206 243 1254 riatae
295 1220 342 1253 et
387 1220 670 1254 ornamento
714 1205 882 1269 aliquo
927 1205 1125 1251 affectae
1171 1201 1430 1257 orationis,

98 1309 150 1344 vt
185 1313 297 1343 cum
334 1294 531 1342 dicunt:
581 1296 715 1343 Καὶ
749 1294 998 1356 χαλκοῦν
1041 1293 1141 1357 μὲν
1174 1290 1425 1357 ἕςήσαντο·

98 1383 271 1433 τόνδε·
314 1388 430 1433 καὶ
464 1383 650 1433 σίτισιν
682 1382 894 1433 ἔδοσαν·
943 1386 1062 1433 καὶ
1098 1382 1190 1448 τῆς
1220 1381 1314 1447 γῆς
1347 1398 1425 1429 ‘tea

99 1474 307 1538 μόντες·
339 1478 452 1522 καὶ
487 1476 553 1523 τά
590 1476 718 1538 πρὸς
748 1474 889 1539 ἡμᾶς
922 1471 1046 1530 §rme
1078 1473 1264 1535 ἔχουσι.
1317 1470 1426 1519 Nec

102 1563 328 1612 dubitant
363 1564 584 1611 omittere
614 1562 1010 1628 praepositiones,
1036 1561 1449 1622 coniunctiones„

101 1653 295 1720 quasuis
340 1667 498 1717 partes
543 1651 792 1711 orationis,‘
818 1666 863 1700 et
897 1639 1034 1700 binas
1070 1652 1210 1700 etiam
1248 1649 1424 1699 eodem

98 1744 229 1792 loco.
276 1741 552 1806 Allegoriae
586 1758 738 1805 porro
774 1742 929 1805 figura
965 1756 1105 1790 ornat
1138 1743 1425 1804 orationem,

99 1848 283 1882 mutato
320 1833 391 1881 rei
426 1830 642 1892 nomine,
677 1831 875 1898 alioque
910 1849 1046 1880 nouo
1079 1831 1249 1880 cadem
1283 1847 1335 1877 re
1360 1830 1425 1877 sia

100 1923 335 1988 gnificata,
371 1920 498 1970 Nam
532 1921 833 1986 frequentata
869 1937 914 1971 et
951 1923 1123 1971 crebro
1154 1921 1293 1969 allata
1320 1937 1427 1968 sex-¹

103 2013 381 2077 centiesque
417 2010 544 2059 dicta
579 2012 791 2061 satietate
828 2013 1064 2069 afficiunt,
1084 2027 1332 2078 tamquam
1358 2009 1424 2057 ci-

100 2103 306 2150 borum:
347 2116 393 2150 et
412 2100 641 2165 vulgaria*
661 2101 740 2150 vel
775 2103 932 2150 oculis
966 2103 1041 2152 vel
1079 2102 1282 2168 reliquis
1317 2117 1424 2148 sen-

101 2192 236 2238 sibus
270 2192 482 2240 multum
514 2206 738 2257 vsurpata
772 2207 1085 2259 spernuntur,
1117 2209 1280 2257 neque
1309 2207 1429 2238 con-2

102 2281 310 2342 cedunt,
370 2296 421 2330 vt
474 2281 662 2330 animus
714 2301 885 2332 eorum
929 2299 1140 2333 sensum.
1169 2279 1427 2347 percipiat,

104 2389 265 2436 eoque
298 2371 484 2436 impetu
519 2386 802 2435 moueatur,
851 2373 940 2440 qui
983 2392 1008 2422 e
1045 2391 1191 2422 sensu
1228 2370 1438 2420 exsistit.'

102 2460 313 2526 Oportet
349 2463 491 2510 etiam
526 2481 665 2512 aures
699 2464 832 2530 pasci
866 2463 1067 2524 iudicis,
1104 2480 1318 2528 eumque
1347 2478 1426 2509 ex·
1462 2470 1490 2515 8

104 2551 290 2616 quisitis
327 2565 373 2600 et
406 2553 638 2601 suauibus
677 2567 924 2620 tamquam
961 2553 1186 2621 cupediis
1235 2567 1282 2601 et
1316 2554 1426 2617 pul-

101 2641 347 2691 mentm-iis
390 2661 482 2693 nec
524 2661 625 2694 non
669 2646 975 2711 apparatibus
1012 2658 1058 2694 et
1091 2640 1424 2692 inuitamentis
1469 2648 1477 2655 '
