1752 3118
326 312 522 346 *cxxxw
604 272 1134 344 DISSERTATIO
1170 292 1493 342 csslTch

335 422 481 480 ficae,
518 412 929 484 quaeconficiant
957 416 1322 466 sublimitatem:
1360 431 1407 464 et
1439 417 1539 464 sine
1566 416 1661 464 illis

337 487 519 550 reliqua
551 487 737 546 omnia,
774 501 896 549 quae
927 484 1041 531 inde
1073 502 1100 530 a
1128 498 1235 532 sect.
1274 488 1346 534 16.
1375 497 1663 543 tractantur,

337 571 436 601 non
462 553 608 601 modo
633 570 732 600 non
763 551 1020 609 sublimem
1051 551 1229 598 faciunt
1251 551 1542 613 clationem,
1579 551 1666 598 sed

301 626 305 633 ⁴
339 639 395 685 pl
399 637 534 668 orsus
554 618 800 683 frigidam,
830 635 940 665 cum
963 635 1049 695 per
1068 634 1144 678 se,
1177 618 1279 665 siue
1297 618 1488 682 figuris,
1517 618 1665 682 tropis

339 687 604 751 ceterisque
616 660 915 734 ornamentis
933 685 1050 731 vitio
1073 685 1222 749 possit
1239 702 1410 734 carere.
1447 685 1527 732 An
1548 702 1665 733 vero

336 753 478 802 nobis
505 754 659 801 obstat
679 751 829 810 illud,
876 750 1010 815 quod
1034 765 1148 799 sect.
1180 755 1253 800 16.
1285 752 1504 815 exemplo
1530 752 1667 799 lucu-

331 821 472 869 ·lento
512 815 746 879 docetur,
782 820 962 882 figurae
987 821 1314 883 apostrophe-s
1345 835 1565 881 magnam
1598 819 1670 865 in-

332 904 442 934 esse
478 904 618 951 posse
652 886 1029 950 sublimitatem?
1088 886 1196 935 Imo
1231 887 1539 933 confirmatur
1572 885 1670 933 hoc

334 950 564 1017 exemplo
585 954 812 1001 sententia
834 967 996 1001 nostra
1009 970 1199 1018 ,eoque
1219 953 1311 1001 iam
1332 971 1473 1018 supra
1503 971 1666 1000 sumus

333 1021 423 1068 vsi.
465 1021 590 1067 Nam
613 1021 717 1084 ipsa
731 990 1085 1080 Demosthenis
1107 1021 1340 1068 sententia
1359 1033 1428 1066 est
1450 1023 1671 1083 ἐμφατι-

339 1086 547 1151 κωτάτη
561 1098 591 1143 ,’“
628 1097 936 1151 mentemque
979 1101 1138 1134 rerum
1180 1087 1487 1134 maximarum
1535 1086 1671 1162 quasi

335 1153 557 1218 pondere
583 1153 826 1218 opprimit.
880 1152 1045 1201 Manet
1064 1154 1209 1219 igitur
1230 1153 1355 1201 illud
1374 1151 1509 1219 quod
1531 1153 1672 1216 signi-

334 1222 481 1268 ficaui
494 1257 508 1282 ,
531 1238 592 1267 ne
612 1222 808 1268 affectus
826 1221 1023 1284 quidem
1042 1221 1278 1286 pertinere
1298 1220 1359 1268 ad
1377 1238 1498 1280 eam,
1523 1230 1670 1284 quam

338 1286 421 1334 -hic
448 1288 615 1336 rhetor
640 1288 869 1354 explicat,
919 1288 1284 1349 sublimitatem,
1318 1287 1411 1335 nisi
1437 1302 1669 1353 quatenus

336 1355 603 1403 'excitentur
638 1372 731 1420 ope
767 1354 1003 1403 dictorum
1038 1355 1326 1404 sublimium.
1381 1355 1538 1402 Vultu
1562 1356 1671 1418 qui-

343 1420 455 1468 dem
477 1435 523 1469 et
548 1432 707 1485 gestu,
743 1422 949 1490 ipsoque
976 1422 1206 1485 silentio,
1231 1421 1437 1486 grauiter
1463 1422 1674 1485 aliquan-

333 1487 409 1537 -do
436 1488 628 1536 moueri
648 1499 851 1552 possunt
873 1487 1143 1537 auditores:
1181 1488 1277 1536 sed
1300 1507 1410 1536 cum
1434 1488 1586 1552 agitur
1611 1488 1672 1536 de

343 1556 624 1604 oratione
664 1555 889 1620 sublimi,
935 1571 1095 1605 motus
1127 1557 1200 1603 illi
1240 1557 1538 1617 animorum,
1585 1556 1670 1620 qui

341 1624 440 1670 sine
455 1623 626 1672 verbis·
632 1623 857 1670 exsistere
875 1633 1101 1687 possunt,
1120 1623 1187 1673 a'd
1207 1638 1541 1686 argumentum
1567 1640 1670 1671 nou

341 1704 451 1737 sunt
472 1689 725 1737 t1·ahendi.·
754 1686 928 1753 Neque
944 1708 1067 1738 vero
1077 1690 1211 1738 istuc
1231 1689 1466 1737 aberrauit
1486 1703 1669 1752 auctor,

341 1756 426 1803 sed
449 1757 632 1819 omnia,
657 1773 779 1821 quae
792 1755 856 1803 de
880 1758 1135 1805 affectuum
1158 1757 1447 1804 sublimitate
1465 1768 1579 1803 sect.
1597 1760 1672 1803 15.

331 1823 592 1884 disseruit,
650 1823 813 1871 tetulit
846 1822 904 1870 ad
942 1826 1221 1872 orationem.
1305 1824 1473 1888 Itaque
1506 1840 1672 1887 paren-

340 1891 556 1958 thyrsum
579 1908 712 1940 scum
736 1890 853 1938 dicit
875 1908 974 1938 esse
1004 1891 1180 1949 πάθος
1206 1892 1431 1954 ἄκαιοον
1461 1894 1555 1937 κὰὶ
1589 1898 1671 1938 κέ-

340 1978 371 2005 τ
375 1962 462 2013 ὂν,
483 1957 605 2005 nihil
619 1951 756 2004 aliud
772 1958 1017 2021 significat,
1050 1977 1199 2036 quarn
1210 1958 1259 2006 i'n
1280 1958 1526 2005 sententiis
1546 1957 1671 2005 illud

339 2026 493 2072 inesse
522 2025 686 2072 alienis
717 2026 818 2072 siue
843 2044 868 2072 a
894 2043 945 2072 re
967 2044 1065 2074 non
1089 2027 1279 2091 petitis,
1315 2042 1435 2090 quae
1462 2024 1669 2088 proinde

342 2091 607 2140 auditorem
631 2084 957 2157 lectoremque
981 2094 1219 2142 concitare
1240 2093 1333 2140 isto
1354 2091 1532 2149 modo,
1570 2108 1666 2155 quo

340 2159 529 2224 ineptus
560 2160 641 2207 ille
670 2159 827 2225 velit,
857 2172 1107 2224 nequeant.
1174 2161 1301 2223 Ergo
1328 2177 1437 2206 cum
1467 2158 1668 2224 plimam

339 2240 520 2290 pentem
550 2225 849 2279 sublimitatis
880 2228 1120 2292 posuisset
1155 2228 1205 2274 in
1238 2226 1509 2285 sententiis,
1568 2243 1667 2274 non

330 2292 562 2342 ²debebat
577 2293 851 2341 secundam
879 2312 1057 2342 rursus
1071 2301 1268 2360 ponere
1312 2294 1363 2340 in
1398 2293 1663 2354 sententiis,

341 2361 539 2425 quibus
558 2371 847 2408 moueantut
882 2364 1122 2425 affectus,
1159 2360 1436 2427 praeseltim
1471 2374 1666 2412 cumket

331 2428 469 2475 ³²illae
482 2429 690 2493 priores,
727 2428 901 2505 quibus
930 2430 1201 2494 principem
1231 2429 1397 2476 locum
1433 2427 1663 2489 assignat,

342 2495 520 2542 amicos
554 2513 751 2544 mouere
781 2510 828 2543 et
858 2496 908 2543 in
934 2495 1296 2560 admirationem
1323 2510 1664 2560 stuporemque

342 2562 577 2626 abripere
583 2554 825 2625 ᾶθΒςιιΧΗ
892 2563 1037 2618 Recte
1076 2564 1219 2627 igitur
1256 2563 1393 2610 etiam
1429 2561 1662 2609 Caecilius
1730 2585 1734 2593 =

339 2630 476 2689 fecit,
499 2631 538 2676 si
549 2621 781 2705 ,(Ῑιι9ἶῗῧ,
806 2648 850 2679 2.
862 2629 1062 2697 dicitur,
1085 2650 1149 2687 ως
1165 2629 1223 2678 ἕν
1244 2649 1294 2678 τι
1318 2628 1466 2678 ταῦτ
1491 2628 1663 2692 ἄμφω,

341 2696 399 2745 τό
432 2715 486 2745 τε
516 2695 651 2760 ὕψὸῑς
661 2667 870 2747 x‘cinO
887 2698 1219 2764 παθητικὸν,
1252 2700 1346 2746 καὶ
1365 2695 1541 2750 ἔδοξεν
1568 2694 1663 2743 αὐ·
1728 2751 1730 2753 ‚

1746 1280 1752 1320 ι’

1746 1334 1752 1413 1
