1752 3118
293 305 448 339 cnvm
656 293 755 336 DE
788 287 1257 337 ANAGLYPHO

287 416 349 465 in‘
364 414 498 463 omni
516 410 717 460 historia
737 409 1186 475 decantatissimum,
1208 413 1399 475 qualem
1421 415 1484 463 ob
1499 434 1615 466 ocu-
1668 456 1672 460 .

287 483 362 532 los
386 481 526 532 nobis
551 478 691 544 ponit
713 475 918 525 Ouidius
934 476 999 524 ΙΙ.
1027 477 1148 526 Fast.
1174 483 1279 528 105.

847 586 903 598 --
933 565 1045 616 capit
1071 565 1147 605 ille
1175 581 1393 617 coronam,

471 649 586 696 Quae
613 646 742 698 possit
768 644 927 692 crines,'
972 642 1162 691 Phoebe,
1208 643 1357 683 decere
1383 652 1488 684 tuos.

402 725 603 766 Induerat
631 721 762 774 Tyrio
791 721 852 760 bis
878 721 1054 760 tinctam
1079 721 1239 760 murice
1267 722 1439 774 pallam.‘

454 799 653 842 Reddidit
679 798 764 837 icta
790 811 883 838 suos
911 797 1066 849 pollice
1094 798 1254 838 chorda
1281 812 1415 838 sonos.

279 883 434 949 ipsam
453 876 697 943 Apollinis
728 875 820 923 sibi
845 875 1245 941 circumposuisse
1278 878 1485 941 speciem
1496 877 1522 925 ’ἒ
1555 880 1610 930 Si

285 950 392 1016 quis
429 946 637 1006 dubitat,
688 942 856 990 oculos
891 943 1112 991 coniiciat
1148 944 1198 990 in
1231 944 1608 1007 pulcherrimam

281 1014 716 1071 nobilissimamque
761 1008 1001 1072 Apollinis
1062 1009 1325 1057 citharoedi
1379 1025 1576 1061 statuam
1588 1030 1607 1077 ,·

283 1098 404 1145 quae
433 1081 484 1127 in
514 1077 625 1126 villa
654 1073 804 1122 Cassii
838 1073 959 1121 olim
995 1076 1167 1123 effossa
1186 1075 1343 1124 Musei
1374 1077 1605 1128 Pio-Cle-

281 1146 482 1195 mentini
508 1143 689 1207 insigne
734 1153 1062 1189 ornamentum
1096 1143 1210 1202 fuit,
1255 1161 1383 1191 nunc
1415 1144 1605 1195 Parisiis

236 1255 239 1261 ,
284 1212 554 1263 ostenditur
566 1212 632 1271 *).
651 1208 913 1256 ‘Neronem
934 1208 1015 1255 hic
1030 1208 1259 1270 exhiberi,
1297 1227 1604 1275 purpuratam

254 1279 525 1345 ·Apollinis
556 1274 824 1325 citharoedi
858 1275 1070 1338 simiam,
1105 1291 1216 1341 post
1240 1277 1386 1337 alios,
1421 1278 1471 1325 in
1494 1297 1604 1327 ean.

282 1348 395 1395 dem
428 1344 708 1393 sententiam
740 1342 921 1394 delatos
932 1379 947 1402 ‚
993 1344 1276 1391 monstrauit
1306 1345 1599 1394 acutissimus

281 1427 538 1462 statuarum
587 1410 778 1456 illarum
815 1410 1047 1470 interpres
1090 1408 1387 1470 Visconfius,
1450 1412 1598 1460 numo

275 1479 722 1545 Apolloniatarum,
767 1473 852 1539 qui
884 1490 984 1520 rem
1019 1476 1240 1536 conficit,
1283 1476 1498 1539 apposite
1531 1479 1600 1526 al-

274 1549 373 1595 lato
386 1547 488 1609 **).
521 1545 620 1592 Iam
635 1554 877 1605 comparet
890 1539 1010 1588 mihi
1021 1541 1191 1606 aliquis
1213 1557 1322 1591 cum
1334 1543 1424 1591 hac
1449 1558 1599 1594 statua

276 1613 618 1677 elegantissima
650 1607 996 1657 nobilissimam
1027 1609 1260 1673 picturam
1299 1610 1356 1657 ab
1399 1627 1598 1661 auctore

273 1681 365 1743 (M.
392 1675 666 1727 Antonium
704 1673 1012 1738 Gniphonem
1048 1675 1189 1723 fuisse
1217 1678 1453 1740 probabili
1485 1680 1595 1727 satis

275 1748 553 1801 coniectura
575 1746 762 1791 efficere
784 1741 964 1788 studuit
986 1744 1273 1802 Schic'tzius,
1307 1743 1595 1809 Philologus

273 1811 643 1875 celeberrimus)
673 1808 734 1857 ad
765 1807 1062 1856 Herennium
1084 1809 1203 1872 (IV,
1222 1815 1298 1871 47.
1322 1829 1370 1875 p.
1387 1814 1493 1860 168.
1517 1816 1597 1862 ed.·

279 1881 533 1942 Schiitzii)
556 1877 905 1926 adumbratam:
954 1878 1277 1925 citharoedas
1301 1896 1408 1925 cum
1422 1883 1598 1942 prodi-

270 1952 365 1997 erit
383 1950 565 2011 optime
575 1947 792 2004 vestitm,
817 1946 966 2006 palla
986 1945 1221 1993 inaurata
1236 1948 1450 2008 indutas,
1485 1964 1596 1994 cum

269 2017 529 2077 chlamyde
538 2029 827 2076 purpurea,
862 2011 1102 2058 coloribus
1120 2016 1274 2060 variis
1299 2016 1510 2070 intexta,
1548 2023 1596 2061 et

269 2101 379 2131 cum
417 2097 600 2129 corona
628 2097 784 2127 aurea
816 2079 1012 2140 magnis
1036 2080 1353 2141 fulgentibus·
1380 2084 1589 2141 gemmis·

267 2151 573 2207 illuminata,
643 2147 884 2194 citharam
928 2153 1096 2193 tenens
1141 2150 1562 2195 exornatis-simam
1573 2184 1593 2208 ,

313 2317 342 2363 *)
374 2319 504 2352 Museo
538 2317 855 2351 Pio-elementino
886 2321 930 2352 Τ.
956 2319 987 2353 Ι.
1017 2328 1086 2353 tav.
1109 2318 1213 2354 XVI„
1233 2319 1360 2351 Musde
1397 2317 1590 2362 Napole'on

268 2366 312 2398 T.
340 2365 370 2397 I.
390 2365 440 2407 pl.
467 2376 520 2396 21.
541 2366 596 2396 cui
616 2367 755 2406 gemina
774 2375 939 2407 germana
957 2372 1008 2403 est
1027 2367 1142 2406 imago
1166 2363 1345 2407 Apollinis
1367 2365 1589 2406 Musagetae,

268 2420 378 2453 quam
402 2420 421 2440 e
440 2409 586 2451 Volpati
605 2411 761 2451 pergulis
786 2417 919 2441 emtam
939 2410 1126 2442 Holmiam
1156 2412 1309 2451 migrare
1331 2411 1431 2442 iussit
1452 2410 1588 2442 Gusta-

268 2454 417 2487 vus'III.
438 2454 511 2486 Rex
533 2453 742 2486 Succorum.
771 2465 804 2485 v.
831 2453 1020 2485 Guattani
1038 2454 1200 2486 Monam.
1222 2453 1353 2486 incdit.
1371 2464 1439 2495 per
1460 2452 1585 2484 I'anno

271 2497 369 2539 1784.
408 2497 554 2541 Giu'gno
576 2499 662 2530 Tav.
686 2499 756 2530 111.
787 2507 821 2531 et
842 2501 903 2541 qui
929 2501 1093 2541 impensis
1122 2500 1226 2540 regiis
1249 2499 1397 2531 eandem
1423 2510 1500 2532 aere
1521 2510 1585 2531 ex-

270 2542 379 2576 scribi
399 2544 519 2583 iussit‚
543 2541 823 2574 Fridenhemius
839 2546 876 2577 in
896 2545 1018 2576 statuis
1039 2544 1156 2576 Musei
1171 2546 1261 2586 regis
1280 2543 1438 2576 Sueciae.

312 2609 364 2652 ⁴⁸)
397 2607 467 2642 Adi
486 2611 531 2641 sis
558 2608 595 2640 V
594 2607 789 2647 tls-contium
811 2614 847 2645 in
872 2612 1128 2644 commentario
1147 2612 1191 2644 ad
1210 2612 1303 2654 Mus.
1319 2610 1585 2643 ,Pio-clemen:

270 2652 331 2686 tin.
352 2655 395 2687 T.
417 2655 446 2689 I.
468 2651 567 2696 p.50‘.
587 2663 621 2686 et
642 2655 742 2698 1:296.
766 2657 832 2688 Ez.
860 2657 1052 2699 Spanlzem.
1078 2656 1122 2688 ad
1141 2658 1272 2689 Iuliani
1288 2655 1451 2688 Caesares
1470 2667 1505 2699 p.
1527 2656 1583 2698 59.

266 2699 322 2731 ed.
340 2698 451 2732 Paris.
476 2707 509 2731 et
524 2698 735 2732 Ecklzelium
756 2700 803 2734 D.
829 2703 875 2737 N.
897 2703 937 2736 V.
967 2702 1084 2736 T.V1.
1105 2701 1228 2744 p.275.
1242 2712 1313 2745 seq.
