1752 3118
325 281 406 320 350
604 269 828 320 NOTAE
873 277 960 318 AD
1002 278 1085 321 DE
1123 278 1371 323 SVBLIM.

322 391 555 444 Longinum
577 390 717 431 facere
735 390 916 434 velimus
931 391 1150 444 physicum
1176 392 1386 437 subtiliter
1408 403 1555 436 ventos
1582 406 1646 436 et-
1709 415 1713 424 ι

323 448 410 486 iam
440 447 759 500 distinguentem
788 446 916 498 (quod
943 461 1031 487 non
1057 455 1119 488 est
1149 455 1355 498 necesse),
1385 458 1516 490 totam
1539 455 1646 492 aeris

323 503 550 555 regionem,
567 516 672 556 quae
694 509 903 553 mouetur,
922 515 1016 543 eum
1034 517 1113 558 pro
1131 519 1210 543 vno
1227 513 1345 546 vento
1363 520 1494 560 eoque
1513 511 1647 548 insta-

323 560 396 599 bili
411 557 599 611 posuisse
620 558 817 597 dicemus.
897 566 900 569 “

404 613 482 658 τοίς
509 615 649 668 λέξεις]
679 613 916 653 Maluissem
939 630 1015 664 την
1039 615 1120 657 τῶν
1139 617 1281 665 λεξεων
1301 620 1379 656 καὶ
1395 617 1579 667 νοήσεων
1600 621 1644 658 ἐκ

321 669 397 713 tofi
418 669 533 711 κατοί
551 669 683 722 φύσιν
701 669 854 723 εἱρμοῢ
868 677 946 709 etc.
975 670 1175 712 T.01.1.1vs
1226 672 1335 711 Num
1357 673 1405 712 Τ
1426 673 1486 711 ita
1503 674 1645 725 legen-

316 727 423 766 dum
448 738 536 764 esse
569 724 846 778 significauit?
876 725 967 764 Hoc
992 740 1089 765 sane
1108 728 1290 767 voluisse
1313 728 1506 778 videtur,
1538 743 1646 780 quo-

322 783 438 821 niam
459 782 570 821 nihil
600 787 820 838 praeterea
833 780 1022 820 additum
1043 782 1180 823 habet.
1237 783 1322 822 Sed
1342 784 1443 822 alibi
1460 784 1647 823 ostendi-

319 851 436 886 mus,
465 851 490 875 a
512 850 615 875 vero
645 828 862 883 aberrare,
891 836 963 887 qui
989 838 1099 888 apud
1125 837 1356 889 Longinum
1380 839 1481 877 talia
1500 852 1645 877 emen-

320 893 456 932 danda
476 891 727 930 existimant.
746 913 803 920 —
829 889 989 942 Scripsi
1009 892 1203 944 deinceps
1224 891 1352 938 οὕτως
1368 893 1506 948 παρά,
1536 894 1647 946 quod

322 949 386 986 ed.
417 957 457 985 1.
474 946 663 985 seruauit
686 945 910 997 quodque'
897 958 944 983 1n
967 946 1087 985 codd.
1104 948 1307 999 scriptum
1328 957 1442 1001 puto.
1471 950 1647 988 Manutii

322 1003 452 1042 editio
480 1002 564 1040 iam
591 1013 679 1039 non
708 999 761 1038 ad
792 1013 935 1039 manus
967 1007 1042 1041 est.
1098 1002 1219 1041 Sed
1206 1017 1253 1042 111
1281 1003 1400 1043 Porti
1431 1017 1644 1043 commen-

320 1058 429 1098 tario
455 1057 558 1096 item
583 1071 712 1099 ουτως
731 1062 888 1106 exstat,
915 1069 954 1108 p.
976 1057 1069 1098 325.

401 1128 429 1161 η
448 1111 487 1153 δ
508 1108 645 1164 αὗφ.
680 1109 777 1160 sofr
798 1113 963 1165 τέχνην]
976 1111 1087 1151 Haec
1103 1114 1308 1153 sententia
1326 1122 1399 1154 aut
1417 1130 1441 1154 a
1457 1127 1560 1154 vero
1573 1115 1646 1154 ab·

316 1170 489 1217 horret,
517 1142 714 1233 3111301111
731 1167 781 1205 ad
798 1168 1000 1219 priorem.
1030 1167 1090 1206 Cf.
1110 1182 1157 1218 2,
1180 1181 1206 1208 2
1229 1183 1280 1209 ss.
1311 1177 1353 1210 et
1372 1171 1448 1220 36,
1467 1172 1509 1211 4.

401 1238 527 1277 παρα
548 1222 605 1274 τῷ
624 1221 849 1276 Ἡροδότω]
878 1222 924 1260 L.
949 1222 997 1272 6,
1027 1237 1061 1262 0.
1088 1237 1152 1264 11

401 1279 492 1320 Επὶ
494 1281 554 1345 βξ.
578 1295 615 1334 y.
636 1277 793 1333 ἀκμῆς]
818 1278 899 1316 Res
924 1278 1017 1316 sere
1051 1292 1220 1332 magnae
1240 1280 1439 1321 dicuntur
1470 1295 1555 1320 esse
1576 1285 1647 1322 ἐπὶ

322 1339 358 1387 ξ,
393 1335 563 1391 ἀκμῆς,
602 1348 695 1372 011111
720 1335 770 1372 ab
802 1333 953 1385 exiguo
982 1333 1223 1374 discrimine
1252 1337 1459 1388 pendent,
1497 1344 1540 1376 et
1557 1337 1647 1377 leui

317 1398 532 1433 momento
555 1390 680 1429 facile
710 1389 793 1428 hue
812 1395 884 1427 aut
909 1389 1013 1427 illuc
1036 1390 1199 1442 impelli
1225 1399 1419 1443 possunt,
1443 1393 1504 1432 ita
1519 1399 1567 1432 vt
1587 1394 1647 1431 si-

318 1449 412 1488 mul
428 1448 557 1486 instet
572 1445 812 1498 periculum
828 1444 1036 1494 interitus,
1061 1452 1105 1484 et
1119 1459 1210 1497 spes
1230 1447 1476 1486 ostendatur
1488 1447 1648 1491 salutis.

315 1503 593 1544 Prouerbium
620 1507 681 1539 est
708 1500 806 1539 inde
833 1501 885 1539 ab
904 1499 1086 1540 Homero
1111 1508 1357 1554 vsurpatum
1376 1503 1425 1542 ll.
1448 1502 1498 1553 κ’,
1522 1504 1598 1555 173
1613 1519 1648 1543 s.

321 1558 415 1603 Νῦν
432 1557 522 1626 γάρ
538 1556 590 1607 δή
617 1555 847 1599 πάντεσσιν
868 1559 939 1595 ἐπὶ
958 1555 1086 1609 ξυροῦ
1110 1559 1283 1599 ἵσταται
1303 1556 1459 1614 ἀκμῆς,
1478 1576 1504 1609 η
1499 1558 1647 1615 μάλα

318 1613 474 1670 λυγρος
496 1612 672 1666 ὄλεθρος
695 1611 904 1664 Ἀχαιοῖς,
930 1610 980 1661 ἠὲ
1000 1611 1171 1681 βιῶναι.

403 1671 444 1725 §.
468 1682 509 1710 2.
551 1670 828 1723 προεισέβαλε
863 1667 967 1719 γοῦν
1006 1667 1150 1721 εὐθύς]
1191 1668 1341 1709 Sensus
1379 1670 1644 1718 manifestus,

317 1728 450 1767 verba
474 1725 652 1764 fortasse
670 1737 756 1762 non
776 1724 891 1761 item.
949 1723 1016 1762 Tu
1037 1731 1181 1763 verte.
1220 1728 1401 1765 Exorsus
1421 1734 1482 1765 eet
1503 1730 1646 1765 statim

317 1783 371 1822 ab
401 1785 492 1836 ipso
521 1788 630 1820 metu
637 1808 652 1827 ,
680 1779 780 1819 adeo
806 1785 851 1818 vt
876 1792 926 1817 ne
952 1782 1200 1833 compellarit
1227 1782 1387 1835 quidem
1418 1782 1645 1830 auditores,

311 1842 552 1893 priusquam
588 1840 713 1875 istum
742 1842 890 1874 metum
911 1836 1277 1875 incussisset.1ta
1302 1837 1534 1876 vertendus
1564 1838 1643 1875 iste

315 1895 455 1943 locus,
492 1905 616 1944 quem
645 1890 780 1929 minus
812 1890 1026 1930 intellexit
1060 1892 1112 1929 01.
1143 1891 1296 1930 Morus.
1354 1892 1512 1931 Graeca
1546 1907 1645 1931 sua-

314 1950 438 1989 viora
467 1955 508 1986 et
543 1946 795 1999 elegantiora
829 1952 939 1987 sunt.
996 1946 1238 1986 Notandum
1272 1946 1563 2001 1111111,προ“ς
1595 1947 1645 1988 to*

315 2001 502 2058 ἐφεστως
522 2003 627 2046 δέος
663 2003 711 2041 ob
729 2005 1002 2041 imminentem
1021 2005 1211 2043 timorem.
1241 2002 1451 2042 Plutarch.
1470 2004 1515 2041 in
1539 2004 1644 2047 Ale-

315 2060 504 2102 xandro:
532 2058 570 2099 ‘O
608 2057 652 2098 δὲ
688 2072 832 2112 πατηρ
869 2062 945 2098 καὶ
974 2057 1188 2112 δακρνσαί
1215 2074 1257 2099 τι
1284 2061 1447 2111 λέγεται
1476 2048 1649 2099 ΠΡΟΣ

320 2118 455 2158 ΤΗΝ
479 2116 706 2157 ΧΛΡΑΝ.
742 2118 870 2155 Pater
898 2123 1036 2153 autem
1055 2115 1102 2153 ob
1122 2115 1319 2168 gaudium
1340 2116 1646 2170 illaclzrymasse

315 2177 444 2213 etiam
460 2173 623 2212 dieitur.
655 2172 719 2211 W
717 2179 782 2224 ept
793 2171 867 2224 sor
876 2174 966 2225 joy.
1007 2169 1279 2208 Restituenda
1295 2170 1375 2209 ista
1394 2171 1546 2209 vocula
1559 2170 1595 2209 Γ
1597 2185 1644 2209 a-

314 2229 430 2268 tiano
450 2228 568 2267 Orat.
595 2226 647 2265 ad
670 2227 851 2265 Graecos
889 2226 997 2265 Sect.
1023 2225 1062 2264 6.
1094 2224 1241 2279 Εχρῆν
1260 2226 1304 2266 δὲ
1320 2224 1424 2281 μήτε
1440 2228 1644 2281 βασιλέας

314 2283 566 2347 προλήματι
596 2281 858 2336 θεραπεύειν.
907 2282 974 2320 Ad
996 2295 1119 2334 quem
1145 2283 1285 2321 locum
1313 2282 1531 2333 insigniter
1558 2295 1642 2320 nu-

314 2347 465 2392 gantur
485 2339 570 2378 viri
590 2338 754 2377 eruditi.
794 2337 877 2376 MS.
894 2337 991 2389 Reg.
1010 2337 1104 2377 Par.
1127 2336 1444 2393 προσλήμματι.
1483 2337 1642 2389 Legen-

314 2396 415 2434 dum
435 2394 733 2447 proculdubio:
764 2407 872 2446 προς
892 2392 1045 2448 λῆμμά
1067 2409 1119 2433 τι.
1160 2397 1293 2447 Reges
1316 2396 1551 2447 neutiquam
1568 2407 1641 2432 co-

315 2452 425 2491 lendi
449 2459 545 2490 sunt
568 2449 616 2488 ob
643 2451 827 2489 lucellum
854 2450 1028 2503 aliquod.
1069 2447 1208 2488 Schol.
1228 2450 1283 2488 ad
1314 2449 1526 2501 Aristoph.
1547 2448 1640 2486 Pac.

316 2510 411 2560 980.
438 2505 560 2547 Ἀλλά
583 2503 819 2559 κατέλαβόν
835 2520 881 2546 σε
901 2508 1115 2557 ὑπέχοντα
1135 2508 1308 2561 ἑτοίμην
1325 2507 1454 2559 χεῖρα
1475 2503 1645 2543 ΠΡΟΣ

319 2564 397 2603 ΤΟ
414 2562 676 2604 ΛΗΜΜΛ.
706 2561 904 2602 I”.ov1²1vs
959 2561 1090 2600 Recte
1119 2562 1187 2600 vir
1216 2562 1374 2600 doctus.
1431 2559 1554 2598 Certe
1581 2559 1641 2596 sic

316 2618 498 2657 multum
528 2617 779 2656 difficultatis
811 2617 1033 2656 euanescit.
1092 2615 1174 2656 Sed
1211 2617 1403 2669 equidem
1432 2613 1640 2667 φθάνων,

316 2674 430 2726 quod
438 2673 580 2715 Morus
601 2673 696 2713 eiici
716 2673 894 2724 volebat,
924 2673 1135 2727 posuerim
1157 2679 1252 2714 ante
1273 2670 1641 2728 προσαγορεῦσαι.-
