<?xml version="1.0" encoding="UTF-8"?>
<!DOCTYPE html PUBLIC "-//W3C//DTD XHTML 1.0 Transitional//EN"
    "http://www.w3.org/TR/xhtml1/DTD/xhtml1-transitional.dtd">
<html xmlns="http://www.w3.org/1999/xhtml" xml:lang="en" lang="en">
 <head>
  <title>
</title>
<meta http-equiv="Content-Type" content="text/html;charset=utf-8" />
  <meta name='ocr-system' content='tesseract 3.04.00' />
  <meta name='ocr-capabilities' content='ocr_page ocr_carea ocr_par ocr_line ocrx_word'/>
</head>
<body>
  <div class='ocr_page' id='page_1' title='image "./dionysiilonginid00long_0423.png"; bbox 0 0 1752 3118; ppageno 0'>
   <div class='ocr_carea' id='block_1_1' title="bbox 0 2368 6 2911">
    <p class='ocr_par' dir='ltr' id='par_1_1' title="bbox 0 2368 6 2911">
     <span class='ocr_line' id='line_1_1' title="bbox 0 2368 6 2911; baseline 0 0"><span class='ocrx_word' id='word_1_1' title='bbox 0 2368 6 2911; x_wconf 95' lang='lat' dir='ltr'><strong> </strong></span> 
     </span>
    </p>
   </div>
   <div class='ocr_carea' id='block_1_2' title="bbox 393 239 1454 330">
    <p class='ocr_par' dir='ltr' id='par_1_2' title="bbox 393 239 1454 330">
     <span class='ocr_line' id='line_1_2' title="bbox 393 239 1454 330; baseline 0.005 -20"><span class='ocrx_word' id='word_1_2' title='bbox 393 309 399 316; x_wconf 84' lang='grc'>,</span> <span class='ocrx_word' id='word_1_3' title='bbox 526 268 824 313; x_wconf 79' lang='lat' dir='ltr'><strong>sEchoN</strong></span> <span class='ocrx_word' id='word_1_4' title='bbox 846 270 923 316; x_wconf 70' lang='grc' dir='ltr'><strong>Ν.</strong></span> <span class='ocrx_word' id='word_1_5' title='bbox 961 271 1002 326; x_wconf 80' lang='lat'><strong>§-</strong></span> <span class='ocrx_word' id='word_1_6' title='bbox 1026 272 1067 311; x_wconf 82' lang='lat'><strong>3.</strong></span> <span class='ocrx_word' id='word_1_7' title='bbox 1085 275 1130 314; x_wconf 68' lang='lat'><strong>4.</strong></span> <span class='ocrx_word' id='word_1_8' title='bbox 1355 239 1454 330; x_wconf 32' lang='lat'><strong>249⁴</strong></span> 
     </span>
    </p>
   </div>
   <div class='ocr_carea' id='block_1_3' title="bbox 82 381 1516 2721">
    <p class='ocr_par' dir='ltr' id='par_1_3' title="bbox 106 381 1458 1268">
     <span class='ocr_line' id='line_1_3' title="bbox 120 381 1451 439; baseline 0.003 -17.07"><span class='ocrx_word' id='word_1_9' title='bbox 120 382 369 436; x_wconf 72' lang='lat' dir='ltr'><strong>significatio</strong></span> <span class='ocrx_word' id='word_1_10' title='bbox 399 383 611 423; x_wconf 81' lang='lat' dir='ltr'><strong>interdum</strong></span> <span class='ocrx_word' id='word_1_11' title='bbox 629 381 762 420; x_wconf 82' lang='lat' dir='ltr'><strong>tribui</strong></span> <span class='ocrx_word' id='word_1_12' title='bbox 781 387 927 434; x_wconf 83' lang='lat' dir='ltr'><strong>potest.</strong></span> <span class='ocrx_word' id='word_1_13' title='bbox 966 381 1244 422; x_wconf 73' lang='lat' dir='ltr'><strong>Plutarchus·</strong></span> <span class='ocrx_word' id='word_1_14' title='bbox 1231 398 1276 423; x_wconf 89' lang='lat' dir='ltr'>m</span> <span class='ocrx_word' id='word_1_15' title='bbox 1293 387 1341 425; x_wconf 80' lang='lat' dir='ltr'><strong>de</strong></span> <span class='ocrx_word' id='word_1_16' title='bbox 1351 401 1451 439; x_wconf 77' lang='lat' dir='ltr'><strong>poe-</strong></span> 
     </span>
     <span class='ocr_line' id='line_1_4' title="bbox 115 437 1453 493; baseline 0.002 -16"><span class='ocrx_word' id='word_1_17' title='bbox 115 444 172 478; x_wconf 71' lang='lat' dir='ltr'><strong>tis</strong></span> <span class='ocrx_word' id='word_1_18' title='bbox 196 440 375 490; x_wconf 73' lang='lat' dir='ltr'><strong>legendis</strong></span> <span class='ocrx_word' id='word_1_19' title='bbox 390 440 454 493; x_wconf 85' lang='lat' dir='ltr'><strong>(p.</strong></span> <span class='ocrx_word' id='word_1_20' title='bbox 474 451 541 478; x_wconf 91' lang='grc'><strong>22.</strong></span> <span class='ocrx_word' id='word_1_21' title='bbox 562 438 625 476; x_wconf 87' lang='lat' dir='ltr'><strong>ed.</strong></span> <span class='ocrx_word' id='word_1_22' title='bbox 640 437 785 476; x_wconf 83' lang='lat' dir='ltr'><strong>Krebs.</strong></span> <span class='ocrx_word' id='word_1_23' title='bbox 791 439 809 488; x_wconf 92' lang='lat'>)</span> <span class='ocrx_word' id='word_1_24' title='bbox 826 438 898 489; x_wconf 91' lang='lat' dir='ltr'><strong>qui</strong></span> <span class='ocrx_word' id='word_1_25' title='bbox 914 438 1063 477; x_wconf 81' lang='lat' dir='ltr'><strong>locus</strong></span> <span class='ocrx_word' id='word_1_26' title='bbox 1050 451 1095 476; x_wconf 85' lang='lat' dir='ltr'><strong>m</strong></span> <span class='ocrx_word' id='word_1_27' title='bbox 1110 438 1217 477; x_wconf 84' lang='lat' dir='ltr'>hanc</span> <span class='ocrx_word' id='word_1_28' title='bbox 1242 453 1331 478; x_wconf 87' lang='lat' dir='ltr'><strong>rem</strong></span> <span class='ocrx_word' id='word_1_29' title='bbox 1351 455 1453 493; x_wconf 89' lang='lat' dir='ltr'><strong>per-</strong></span> 
     </span>
     <span class='ocr_line' id='line_1_5' title="bbox 113 493 1450 547; baseline 0.003 -15"><span class='ocrx_word' id='word_1_30' title='bbox 113 495 230 532; x_wconf 81' lang='lat' dir='ltr'><strong>utilis</strong></span> <span class='ocrx_word' id='word_1_31' title='bbox 261 501 341 543; x_wconf 80' lang='lat' dir='ltr'><strong>est,</strong></span> <span class='ocrx_word' id='word_1_32' title='bbox 387 494 447 532; x_wconf 81' lang='lat' dir='ltr'><strong>sic</strong></span> <span class='ocrx_word' id='word_1_33' title='bbox 481 493 684 545; x_wconf 79' lang='lat' dir='ltr'><strong>explieat:</strong></span> <span class='ocrx_word' id='word_1_34' title='bbox 723 493 879 547; x_wconf 81' lang='grc' dir='ltr'><em>ψῆφον</em></span> <span class='ocrx_word' id='word_1_35' title='bbox 900 497 1118 547; x_wconf 76' lang='grc' dir='ltr'><strong><em>ἐπιφέρειν</em></strong></span> <span class='ocrx_word' id='word_1_36' title='bbox 1152 498 1236 538; x_wconf 80' lang='grc' dir='ltr'><em>τοῖς</em></span> <span class='ocrx_word' id='word_1_37' title='bbox 1259 509 1450 547; x_wconf 77' lang='grc' dir='ltr'><em>πραττο-</em></span> 
     </span>
     <span class='ocr_line' id='line_1_6' title="bbox 113 548 1452 617; baseline 0.001 -27"><span class='ocrx_word' id='word_1_38' title='bbox 113 554 261 617; x_wconf 76' lang='grc' dir='ltr'><em>μένοις</em></span> <span class='ocrx_word' id='word_1_39' title='bbox 287 548 316 598; x_wconf 82' lang='grc' dir='ltr'><strong><em>ἢ</em></strong></span> <span class='ocrx_word' id='word_1_40' title='bbox 341 551 593 604; x_wconf 74' lang='grc' dir='ltr'><em>λεγομένοις.</em></span> <span class='ocrx_word' id='word_1_41' title='bbox 649 548 698 587; x_wconf 90' lang='lat' dir='ltr'><strong>In</strong></span> <span class='ocrx_word' id='word_1_42' title='bbox 729 549 819 601; x_wconf 88' lang='lat' dir='ltr'><strong>ipso</strong></span> <span class='ocrx_word' id='word_1_43' title='bbox 850 548 1026 601; x_wconf 86' lang='lat' dir='ltr'><strong>denique</strong></span> <span class='ocrx_word' id='word_1_44' title='bbox 1053 549 1230 601; x_wconf 83' lang='lat' dir='ltr'>Longini</span> <span class='ocrx_word' id='word_1_45' title='bbox 1253 551 1368 600; x_wconf 90' lang='lat' dir='ltr'><strong>loco,</strong></span> <span class='ocrx_word' id='word_1_46' title='bbox 1400 551 1452 591; x_wconf 87' lang='grc' dir='ltr'><em>δι</em></span> 
     </span>
     <span class='ocr_line' id='line_1_7' title="bbox 115 603 1452 658; baseline 0 -13"><span class='ocrx_word' id='word_1_47' title='bbox 115 620 191 646; x_wconf 78' lang='grc' dir='ltr'><em>ενα</em></span> <span class='ocrx_word' id='word_1_48' title='bbox 216 603 352 658; x_wconf 78' lang='grc' dir='ltr'><em>ἄνδρα</em></span> <span class='ocrx_word' id='word_1_49' title='bbox 378 605 499 656; x_wconf 82' lang='grc' dir='ltr'><em>δίκην</em></span> <span class='ocrx_word' id='word_1_50' title='bbox 526 604 711 653; x_wconf 79' lang='grc' dir='ltr'><em>ἔδωκαν,</em></span> <span class='ocrx_word' id='word_1_51' title='bbox 741 610 972 645; x_wconf 81' lang='lat' dir='ltr'><strong>verteram:</strong></span> <span class='ocrx_word' id='word_1_52' title='bbox 996 613 1162 658; x_wconf 82' lang='lat' dir='ltr'><strong>propter</strong></span> <span class='ocrx_word' id='word_1_53' title='bbox 1188 621 1312 645; x_wconf 73' lang='lat' dir='ltr'><strong>vnum</strong></span> <span class='ocrx_word' id='word_1_54' title='bbox 1339 605 1452 645; x_wconf 77' lang='lat' dir='ltr'><em>illum</em></span> 
     </span>
     <span class='ocr_line' id='line_1_8' title="bbox 114 659 1453 715; baseline -0.002 -13"><span class='ocrx_word' id='word_1_55' title='bbox 114 665 423 703; x_wconf 77' lang='lat' dir='ltr'><strong>Hermocratem</strong></span> <span class='ocrx_word' id='word_1_56' title='bbox 455 659 569 715; x_wconf 83' lang='lat' dir='ltr'><strong>(eius</strong></span> <span class='ocrx_word' id='word_1_57' title='bbox 598 659 834 699; x_wconf 85' lang='lat' dir='ltr'><strong>honorandi</strong></span> <span class='ocrx_word' id='word_1_58' title='bbox 864 665 1007 709; x_wconf 78' lang='lat' dir='ltr'><strong>causa)</strong></span> <span class='ocrx_word' id='word_1_59' title='bbox 1040 675 1194 715; x_wconf 66' lang='lat' dir='ltr'><strong>poenas</strong></span> <span class='ocrx_word' id='word_1_60' title='bbox 1230 662 1453 701; x_wconf 76' lang='lat' dir='ltr'><strong>dederunt.-</strong></span> 
     </span>
     <span class='ocr_line' id='line_1_9' title="bbox 114 715 1453 768; baseline 0.001 -14"><span class='ocrx_word' id='word_1_61' title='bbox 114 730 266 768; x_wconf 86' lang='lat' dir='ltr'><strong>nempe</strong></span> <span class='ocrx_word' id='word_1_62' title='bbox 300 715 532 755; x_wconf 87' lang='lat' dir='ltr'><strong>Mercurius</strong></span> <span class='ocrx_word' id='word_1_63' title='bbox 563 715 836 755; x_wconf 79' lang='lat' dir='ltr'><strong>Athenienses</strong></span> <span class='ocrx_word' id='word_1_64' title='bbox 861 715 911 753; x_wconf 78' lang='lat' dir='ltr'><strong>ab</strong></span> <span class='ocrx_word' id='word_1_65' title='bbox 938 715 1212 756; x_wconf 80' lang='lat' dir='ltr'><strong>Helmocrate</strong></span> <span class='ocrx_word' id='word_1_66' title='bbox 1237 717 1352 756; x_wconf 87' lang='lat' dir='ltr'><strong>vinci</strong></span> <span class='ocrx_word' id='word_1_67' title='bbox 1374 731 1453 756; x_wconf 88' lang='lat' dir='ltr'><strong>vo-</strong></span> 
     </span>
     <span class='ocr_line' id='line_1_10' title="bbox 113 770 1453 823; baseline -0.001 -11"><span class='ocrx_word' id='word_1_68' title='bbox 113 772 219 820; x_wconf 77' lang='lat' dir='ltr'><strong>luit,</strong></span> <span class='ocrx_word' id='word_1_69' title='bbox 258 777 305 809; x_wconf 87' lang='lat' dir='ltr'><strong>vt</strong></span> <span class='ocrx_word' id='word_1_70' title='bbox 328 770 673 820; x_wconf 80' lang='lat' dir='ltr'><strong>Hermocratom,</strong></span> <span class='ocrx_word' id='word_1_71' title='bbox 713 771 878 823; x_wconf 82' lang='lat' dir='ltr'><strong>prolem</strong></span> <span class='ocrx_word' id='word_1_72' title='bbox 907 784 1047 821; x_wconf 86' lang='lat' dir='ltr'><strong>suam,</strong></span> <span class='ocrx_word' id='word_1_73' title='bbox 1084 772 1325 811; x_wconf 82' lang='lat' dir='ltr'><strong>honoraret.</strong></span> <span class='ocrx_word' id='word_1_74' title='bbox 1384 772 1453 810; x_wconf 75' lang='lat' dir='ltr'><strong>sie</strong></span> 
     </span>
     <span class='ocr_line' id='line_1_11' title="bbox 114 823 1451 879; baseline 0.001 -13"><span class='ocrx_word' id='word_1_75' title='bbox 114 825 188 870; x_wconf 81' lang='grc' dir='ltr'><em>διοὶ</em></span> <span class='ocrx_word' id='word_1_76' title='bbox 213 826 339 867; x_wconf 73' lang='grc' dir='ltr'><em>τοῦτο</em></span> <span class='ocrx_word' id='word_1_77' title='bbox 362 834 404 866; x_wconf 87' lang='lat' dir='ltr'><strong>et</strong></span> <span class='ocrx_word' id='word_1_78' title='bbox 423 826 475 866; x_wconf 73' lang='grc' dir='ltr'><em>δι’</em></span> <span class='ocrx_word' id='word_1_79' title='bbox 494 823 571 868; x_wconf 81' lang='grc' dir='ltr'><em>ἐ’να</em></span> <span class='ocrx_word' id='word_1_80' title='bbox 594 826 732 878; x_wconf 81' lang='grc' dir='ltr'><em>ἄνδρα</em></span> <span class='ocrx_word' id='word_1_81' title='bbox 755 827 833 865; x_wconf 82' lang='lat' dir='ltr'><strong>sibi</strong></span> <span class='ocrx_word' id='word_1_82' title='bbox 854 827 1117 878; x_wconf 79' lang='lat' dir='ltr'><strong>respondent.</strong></span> <span class='ocrx_word' id='word_1_83' title='bbox 1175 827 1220 866; x_wconf 73' lang='lat' dir='ltr'><strong>Si</strong></span> <span class='ocrx_word' id='word_1_84' title='bbox 1245 828 1336 879; x_wconf 87' lang='lat' dir='ltr'><strong>quis</strong></span> <span class='ocrx_word' id='word_1_85' title='bbox 1356 841 1451 867; x_wconf 89' lang='lat' dir='ltr'><strong>oum</strong></span> 
     </span>
     <span class='ocr_line' id='line_1_12' title="bbox 114 882 1453 936; baseline 0.002 -16"><span class='ocrx_word' id='word_1_86' title='bbox 114 882 343 921; x_wconf 82' lang='lat' dir='ltr'><strong>wetstenio</strong></span> <span class='ocrx_word' id='word_1_87' title='bbox 367 883 440 936; x_wconf 83' lang='lat' dir='ltr'><strong>(ad</strong></span> <span class='ocrx_word' id='word_1_88' title='bbox 469 882 642 923; x_wconf 83' lang='lat' dir='ltr'><strong>Iohann.</strong></span> <span class='ocrx_word' id='word_1_89' title='bbox 664 883 688 921; x_wconf 88' lang='lat'>6</span> <span class='ocrx_word' id='word_1_90' title='bbox 705 912 715 930; x_wconf 93' lang='lat'>,</span> <span class='ocrx_word' id='word_1_91' title='bbox 746 883 814 934; x_wconf 84' lang='lat'><strong>57)</strong></span> <span class='ocrx_word' id='word_1_92' title='bbox 839 889 879 920; x_wconf 82' lang='lat' dir='ltr'><strong>et</strong></span> <span class='ocrx_word' id='word_1_93' title='bbox 902 883 1071 921; x_wconf 85' lang='lat' dir='ltr'><strong>Pearcio</strong></span> <span class='ocrx_word' id='word_1_94' title='bbox 1096 883 1235 922; x_wconf 85' lang='lat' dir='ltr'>malit:</span> <span class='ocrx_word' id='word_1_95' title='bbox 1261 898 1336 936; x_wconf 80' lang='lat' dir='ltr'><strong>per</strong></span> <span class='ocrx_word' id='word_1_96' title='bbox 1362 899 1453 924; x_wconf 84' lang='lat' dir='ltr'><strong>eum</strong></span> 
     </span>
     <span class='ocr_line' id='line_1_13' title="bbox 106 937 1453 991; baseline 0.004 -15"><span class='ocrx_word' id='word_1_97' title='bbox 106 941 250 991; x_wconf 77' lang='lat' dir='ltr'><strong>puniti</strong></span> <span class='ocrx_word' id='word_1_98' title='bbox 265 946 360 977; x_wconf 74' lang='lat' dir='ltr'><strong>sunt</strong></span> <span class='ocrx_word' id='word_1_99' title='bbox 371 966 386 985; x_wconf 91' lang='lat'><em>,</em></span> <span class='ocrx_word' id='word_1_100' title='bbox 416 952 502 977; x_wconf 90' lang='lat' dir='ltr'><strong>non</strong></span> <span class='ocrx_word' id='word_1_101' title='bbox 522 938 781 991; x_wconf 84' lang='lat' dir='ltr'><strong>repugnabO,</strong></span> <span class='ocrx_word' id='word_1_102' title='bbox 809 952 903 978; x_wconf 86' lang='lat' dir='ltr'><strong>cum</strong></span> <span class='ocrx_word' id='word_1_103' title='bbox 927 937 1001 978; x_wconf 75' lang='grc' dir='ltr'><em>διοὲ</em></span> <span class='ocrx_word' id='word_1_104' title='bbox 1018 938 1168 980; x_wconf 78' lang='grc' dir='ltr'><em>τούτου</em></span> <span class='ocrx_word' id='word_1_105' title='bbox 1190 946 1231 978; x_wconf 86' lang='lat' dir='ltr'><strong>et</strong></span> <span class='ocrx_word' id='word_1_106' title='bbox 1253 937 1328 979; x_wconf 77' lang='grc' dir='ltr'><em>διοὶ</em></span> <span class='ocrx_word' id='word_1_107' title='bbox 1349 937 1453 980; x_wconf 78' lang='grc' dir='ltr'><strong>τοῦ-</strong></span> 
     </span>
     <span class='ocr_line' id='line_1_14' title="bbox 113 993 1455 1045; baseline 0 -11"><span class='ocrx_word' id='word_1_108' title='bbox 113 1009 162 1034; x_wconf 79' lang='grc' dir='ltr'><strong>το</strong></span> <span class='ocrx_word' id='word_1_109' title='bbox 181 994 414 1045; x_wconf 82' lang='lat' dir='ltr'><strong>permutari</strong></span> <span class='ocrx_word' id='word_1_110' title='bbox 434 1001 606 1033; x_wconf 79' lang='lat' dir='ltr'><strong>constet.</strong></span> <span class='ocrx_word' id='word_1_111' title='bbox 635 994 800 1033; x_wconf 77' lang='lat' dir='ltr'><strong>Monvs.</strong></span> <span class='ocrx_word' id='word_1_112' title='bbox 830 993 942 1032; x_wconf 81' lang='lat' dir='ltr'><strong>Haec</strong></span> <span class='ocrx_word' id='word_1_113' title='bbox 962 1007 1014 1033; x_wconf 82' lang='lat' dir='ltr'><strong>ex</strong></span> <span class='ocrx_word' id='word_1_114' title='bbox 1035 995 1122 1033; x_wconf 87' lang='lat' dir='ltr'><strong>eius</strong></span> <span class='ocrx_word' id='word_1_115' title='bbox 1134 995 1297 1034; x_wconf 84' lang='lat' dir='ltr'>Libello</span> <span class='ocrx_word' id='word_1_116' title='bbox 1316 996 1455 1034; x_wconf 60' lang='lat' dir='ltr'>anim-</span> 
     </span>
     <span class='ocr_line' id='line_1_15' title="bbox 114 1048 1455 1090; baseline 0.001 -3"><span class='ocrx_word' id='word_1_117' title='bbox 114 1049 301 1088; x_wconf 79' lang='lat' dir='ltr'><strong>adverss.</strong></span> <span class='ocrx_word' id='word_1_118' title='bbox 321 1049 378 1087; x_wconf 69' lang='lat' dir='ltr'><strong>acl</strong></span> <span class='ocrx_word' id='word_1_119' title='bbox 398 1048 442 1087; x_wconf 90' lang='lat' dir='ltr'><strong>L.</strong></span> <span class='ocrx_word' id='word_1_120' title='bbox 467 1049 512 1088; x_wconf 86' lang='lat' dir='ltr'><strong>in</strong></span> <span class='ocrx_word' id='word_1_121' title='bbox 534 1063 624 1089; x_wconf 85' lang='lat' dir='ltr'><strong>rem</strong></span> <span class='ocrx_word' id='word_1_122' title='bbox 646 1056 831 1088; x_wconf 72' lang='lat' dir='ltr'><strong>nostram</strong></span> <span class='ocrx_word' id='word_1_123' title='bbox 853 1056 1021 1089; x_wconf 83' lang='lat' dir='ltr'><strong>vertere</strong></span> <span class='ocrx_word' id='word_1_124' title='bbox 1038 1051 1175 1089; x_wconf 76' lang='lat' dir='ltr'><strong>visum</strong></span> <span class='ocrx_word' id='word_1_125' title='bbox 1196 1057 1268 1090; x_wconf 86' lang='lat' dir='ltr'><strong>est.</strong></span> <span class='ocrx_word' id='word_1_126' title='bbox 1309 1051 1357 1090; x_wconf 85' lang='lat' dir='ltr'><strong>In</strong></span> <span class='ocrx_word' id='word_1_127' title='bbox 1374 1064 1455 1089; x_wconf 87' lang='lat' dir='ltr'><strong>no-</strong></span> 
     </span>
     <span class='ocr_line' id='line_1_16' title="bbox 115 1104 1457 1157; baseline 0.001 -14"><span class='ocrx_word' id='word_1_128' title='bbox 115 1105 168 1143; x_wconf 83' lang='lat' dir='ltr'><strong>tis</strong></span> <span class='ocrx_word' id='word_1_129' title='bbox 185 1111 280 1145; x_wconf 81' lang='lat' dir='ltr'><strong>ante</strong></span> <span class='ocrx_word' id='word_1_130' title='bbox 301 1104 421 1143; x_wconf 81' lang='lat' dir='ltr'><strong>editis</strong></span> <span class='ocrx_word' id='word_1_131' title='bbox 443 1104 496 1143; x_wconf 83' lang='lat' dir='ltr'><strong>ad</strong></span> <span class='ocrx_word' id='word_1_132' title='bbox 517 1109 725 1157; x_wconf 79' lang='grc' dir='ltr'><em>ἐπιφωνεῖ</em></span> <span class='ocrx_word' id='word_1_133' title='bbox 739 1105 983 1156; x_wconf 83' lang='lat' dir='ltr'><strong>scripserat:</strong></span> <span class='ocrx_word' id='word_1_134' title='bbox 1010 1112 1033 1131; x_wconf 87' lang='lat'><strong>“</strong></span> <span class='ocrx_word' id='word_1_135' title='bbox 1045 1107 1251 1145; x_wconf 81' lang='lat' dir='ltr'><em>acclamat</em></span> <span class='ocrx_word' id='word_1_136' title='bbox 1269 1110 1336 1152; x_wconf 68' lang='lat' dir='ltr'><strong>iis,</strong></span> <span class='ocrx_word' id='word_1_137' title='bbox 1362 1106 1457 1145; x_wconf 79' lang='lat' dir='ltr'><strong>vel-</strong></span> 
     </span>
     <span class='ocr_line' id='line_1_17' title="bbox 113 1159 1458 1214; baseline 0.003 -16"><span class='ocrx_word' id='word_1_138' title='bbox 113 1166 160 1198; x_wconf 81' lang='lat' dir='ltr'><strong>vt</strong></span> <span class='ocrx_word' id='word_1_139' title='bbox 198 1161 407 1211; x_wconf 79' lang='lat' dir='ltr'><strong>castigans.</strong></span> <span class='ocrx_word' id='word_1_140' title='bbox 465 1159 532 1198; x_wconf 86' lang='lat' dir='ltr'><strong>Sic</strong></span> <span class='ocrx_word' id='word_1_141' title='bbox 558 1161 734 1213; x_wconf 83' lang='lat' dir='ltr'><strong>Epictet.</strong></span> <span class='ocrx_word' id='word_1_142' title='bbox 771 1173 805 1208; x_wconf 89' lang='lat'><strong>1,</strong></span> <span class='ocrx_word' id='word_1_143' title='bbox 838 1161 875 1198; x_wconf 85' lang='lat'><strong>5.</strong></span> <span class='ocrx_word' id='word_1_144' title='bbox 923 1163 1139 1214; x_wconf 76' lang='grc' dir='ltr'><em>ἐπιλέγειν.</em></span> <span class='ocrx_word' id='word_1_145' title='bbox 1150 1162 1176 1181; x_wconf 85' lang='grc'>”</span> <span class='ocrx_word' id='word_1_146' title='bbox 1228 1161 1283 1200; x_wconf 88' lang='lat' dir='ltr'><strong>Et</strong></span> <span class='ocrx_word' id='word_1_147' title='bbox 1305 1162 1357 1200; x_wconf 85' lang='lat' dir='ltr'><strong>ad</strong></span> <span class='ocrx_word' id='word_1_148' title='bbox 1380 1176 1458 1202; x_wconf 81' lang='grc' dir='ltr'><strong>πε-</strong></span> 
     </span>
     <span class='ocr_line' id='line_1_18' title="bbox 115 1213 1379 1268; baseline 0.001 -14"><span class='ocrx_word' id='word_1_149' title='bbox 115 1213 399 1268; x_wconf 68' lang='grc' dir='ltr'><em>ρικόψαντεςε</em></span> <span class='ocrx_word' id='word_1_150' title='bbox 431 1215 590 1254; x_wconf 82' lang='lat' dir='ltr'><strong>“Diod.</strong></span> <span class='ocrx_word' id='word_1_151' title='bbox 611 1215 690 1254; x_wconf 88' lang='lat' dir='ltr'><strong>Sic.</strong></span> <span class='ocrx_word' id='word_1_152' title='bbox 713 1216 786 1263; x_wconf 86' lang='lat'><strong>13,</strong></span> <span class='ocrx_word' id='word_1_153' title='bbox 816 1228 855 1254; x_wconf 91' lang='grc'><strong>2.</strong></span> <span class='ocrx_word' id='word_1_154' title='bbox 887 1215 1053 1254; x_wconf 89' lang='lat' dir='ltr'><strong>Cornel.</strong></span> <span class='ocrx_word' id='word_1_155' title='bbox 1079 1217 1212 1254; x_wconf 85' lang='lat' dir='ltr'><strong>Alcib.</strong></span> <span class='ocrx_word' id='word_1_156' title='bbox 1238 1231 1272 1255; x_wconf 90' lang='lat' dir='ltr'><strong>c.</strong></span> <span class='ocrx_word' id='word_1_157' title='bbox 1298 1218 1338 1265; x_wconf 83' lang='lat'>3</span> <span class='ocrx_word' id='word_1_158' title='bbox 1355 1217 1379 1236; x_wconf 90' lang='lat'><strong>&#39;&#39;</strong></span> 
     </span>
    </p>

    <p class='ocr_par' dir='ltr' id='par_1_4' title="bbox 113 1267 1464 1823">
     <span class='ocr_line' id='line_1_19' title="bbox 226 1267 1460 1337; baseline -0.002 -26.968"><span class='ocrx_word' id='word_1_159' title='bbox 226 1269 529 1325; x_wconf 76' lang='grc' dir='ltr'><em>Ἑρμοκράτην</em></span> <span class='ocrx_word' id='word_1_160' title='bbox 559 1269 634 1312; x_wconf 77' lang='grc' dir='ltr'><em>τόν</em></span> <span class='ocrx_word' id='word_1_161' title='bbox 649 1267 884 1337; x_wconf 84' lang='grc' dir='ltr'><em>Έρμωνος]</em></span> <span class='ocrx_word' id='word_1_162' title='bbox 923 1270 1113 1310; x_wconf 81' lang='lat' dir='ltr'><strong>Eandem</strong></span> <span class='ocrx_word' id='word_1_163' title='bbox 1147 1272 1335 1311; x_wconf 83' lang='lat' dir='ltr'><strong>fabulam</strong></span> <span class='ocrx_word' id='word_1_164' title='bbox 1358 1279 1460 1311; x_wconf 86' lang='lat' dir='ltr'>tan-</span> 
     </span>
     <span class='ocr_line' id='line_1_20' title="bbox 115 1322 1457 1395; baseline 0.001 -31.003"><span class='ocrx_word' id='word_1_165' title='bbox 115 1327 175 1378; x_wconf 85' lang='lat' dir='ltr'><strong>git</strong></span> <span class='ocrx_word' id='word_1_166' title='bbox 197 1326 482 1365; x_wconf 80' lang='lat' dir='ltr'><strong>Plutarchus</strong></span> <span class='ocrx_word' id='word_1_167' title='bbox 470 1339 516 1364; x_wconf 87' lang='lat' dir='ltr'>m</span> <span class='ocrx_word' id='word_1_168' title='bbox 542 1326 676 1365; x_wconf 85' lang='lat' dir='ltr'><strong>Nicia.</strong></span> <span class='ocrx_word' id='word_1_169' title='bbox 721 1322 933 1379; x_wconf 68' lang='lat' dir='ltr'><strong>““chme9</strong></span> <span class='ocrx_word' id='word_1_170' title='bbox 910 1342 1015 1369; x_wconf 81' lang='grc' dir='ltr'><em>οταν</em></span> <span class='ocrx_word' id='word_1_171' title='bbox 1033 1329 1140 1395; x_wconf 76' lang='grc' dir='ltr'><em>λέγῃ</em></span> <span class='ocrx_word' id='word_1_172' title='bbox 1158 1329 1348 1395; x_wconf 84' lang='grc' dir='ltr'><em>Τίμαιος</em></span> <span class='ocrx_word' id='word_1_173' title='bbox 1369 1330 1457 1371; x_wconf 81' lang='grc' dir='ltr'><em>τοῖς</em></span> 
     </span>
     <span class='ocr_line' id='line_1_21' title="bbox 113 1381 1458 1450; baseline 0 -28"><span class='ocrx_word' id='word_1_174' title='bbox 113 1381 362 1431; x_wconf 75' lang='grc' dir='ltr'><em>Ἀθηναίοις</em></span> <span class='ocrx_word' id='word_1_175' title='bbox 389 1381 544 1424; x_wconf 84' lang='grc' dir='ltr'><em>οἰωνον</em></span> <span class='ocrx_word' id='word_1_176' title='bbox 559 1382 830 1437; x_wconf 74' lang='grc' dir='ltr'><em>ηγήσασθαι,</em></span> <span class='ocrx_word' id='word_1_177' title='bbox 856 1387 1111 1450; x_wconf 60' lang='grc' dir='ltr'><em>γεγονέναι</em></span> <span class='ocrx_word' id='word_1_178' title='bbox 1093 1383 1166 1424; x_wconf 73' lang='grc' dir='ltr'><strong>τόν</strong></span> <span class='ocrx_word' id='word_1_179' title='bbox 1186 1382 1278 1423; x_wconf 76' lang='grc' dir='ltr'><strong>ἀπο</strong></span> <span class='ocrx_word' id='word_1_180' title='bbox 1299 1383 1372 1433; x_wconf 76' lang='grc' dir='ltr'><strong>τῆς</strong></span> <span class='ocrx_word' id='word_1_181' title='bbox 1389 1386 1458 1424; x_wconf 72' lang='grc' dir='ltr'><em>νί-</em></span> 
     </span>
     <span class='ocr_line' id='line_1_22' title="bbox 115 1437 1459 1493; baseline 0.001 -15"><span class='ocrx_word' id='word_1_182' title='bbox 115 1454 193 1487; x_wconf 73' lang='grc' dir='ltr'><strong>κης</strong></span> <span class='ocrx_word' id='word_1_183' title='bbox 226 1438 379 1489; x_wconf 79' lang='grc' dir='ltr'><em>ἔχοντα</em></span> <span class='ocrx_word' id='word_1_184' title='bbox 420 1437 612 1493; x_wconf 80' lang='grc' dir='ltr'><em>τοῦνομα</em></span> <span class='ocrx_word' id='word_1_185' title='bbox 653 1452 892 1491; x_wconf 79' lang='grc' dir='ltr'><em>στρατηγον</em></span> <span class='ocrx_word' id='word_1_186' title='bbox 935 1437 1192 1480; x_wconf 81' lang='grc' dir='ltr'><em>αντειπόντα</em></span> <span class='ocrx_word' id='word_1_187' title='bbox 1233 1439 1343 1491; x_wconf 77' lang='grc' dir='ltr'><em>πρὸς</em></span> <span class='ocrx_word' id='word_1_188' title='bbox 1381 1438 1459 1490; x_wconf 69' lang='grc' dir='ltr'><strong>τήν</strong></span> 
     </span>
     <span class='ocr_line' id='line_1_23' title="bbox 117 1495 1464 1547; baseline 0.001 -13"><span class='ocrx_word' id='word_1_189' title='bbox 117 1495 398 1547; x_wconf 79' lang='grc' dir='ltr'><em>στρατηγίαν·</em></span> <span class='ocrx_word' id='word_1_190' title='bbox 442 1497 520 1534; x_wconf 82' lang='grc' dir='ltr'><strong>καὶ</strong></span> <span class='ocrx_word' id='word_1_191' title='bbox 547 1496 650 1534; x_wconf 88' lang='grc' dir='ltr'><strong>ΤΗι</strong></span> <span class='ocrx_word' id='word_1_192' title='bbox 674 1495 1033 1535; x_wconf 87' lang='grc' dir='ltr'><em>ΠΕΡΙΚΟΠΗι</em></span> <span class='ocrx_word' id='word_1_193' title='bbox 1059 1495 1198 1535; x_wconf 73' lang='grc' dir='ltr'><strong>ΤΩΝ</strong></span> <span class='ocrx_word' id='word_1_194' title='bbox 1215 1495 1464 1536; x_wconf 73' lang='lat' dir='ltr'><em>EPMszN</em></span> 
     </span>
     <span class='ocr_line' id='line_1_24' title="bbox 118 1547 1458 1603; baseline 0.001 -13"><span class='ocrx_word' id='word_1_195' title='bbox 118 1551 436 1603; x_wconf 82' lang='grc' dir='ltr'><em>προσημαίνειν</em></span> <span class='ocrx_word' id='word_1_196' title='bbox 455 1548 600 1593; x_wconf 80' lang='grc' dir='ltr'><em>αὐτοῖς</em></span> <span class='ocrx_word' id='word_1_197' title='bbox 620 1566 666 1591; x_wconf 76' lang='grc' dir='ltr'><strong>το</strong></span> <span class='ocrx_word' id='word_1_198' title='bbox 659 1547 926 1603; x_wconf 82' lang='grc' dir='ltr'><em>δαιμόνιον,</em></span> <span class='ocrx_word' id='word_1_199' title='bbox 951 1566 1007 1595; x_wconf 85' lang='grc' dir='ltr'><strong>ως</strong></span> <span class='ocrx_word' id='word_1_200' title='bbox 1023 1549 1109 1591; x_wconf 80' lang='grc' dir='ltr'><strong>ὑπο</strong></span> <span class='ocrx_word' id='word_1_201' title='bbox 1124 1551 1458 1592; x_wconf 82' lang='grc' dir='ltr'><em>ΕΡΜΟΚΡΛ-</em></span> 
     </span>
     <span class='ocr_line' id='line_1_25' title="bbox 123 1603 1460 1659; baseline 0.001 -13"><span class='ocrx_word' id='word_1_202' title='bbox 123 1606 282 1646; x_wconf 84' lang='grc' dir='ltr'><em>ΊὈΥΣ</em></span> <span class='ocrx_word' id='word_1_203' title='bbox 310 1606 430 1644; x_wconf 81' lang='grc' dir='ltr'><strong>ΤΟΥ</strong></span> <span class='ocrx_word' id='word_1_204' title='bbox 448 1607 769 1646; x_wconf 75' lang='grc' dir='ltr'><em>ΕΡΜΩΝΟΣ</em></span> <span class='ocrx_word' id='word_1_205' title='bbox 786 1606 961 1645; x_wconf 81' lang='grc' dir='ltr'><em>πλεῖστα</em></span> <span class='ocrx_word' id='word_1_206' title='bbox 986 1605 1363 1659; x_wconf 77' lang='grc' dir='ltr'><em>πείσονταιπαροί</em></span> <span class='ocrx_word' id='word_1_207' title='bbox 1385 1603 1460 1647; x_wconf 77' lang='grc' dir='ltr'><em>τόν</em></span> 
     </span>
     <span class='ocr_line' id='line_1_26' title="bbox 120 1660 1458 1715; baseline -0.001 -15"><span class='ocrx_word' id='word_1_208' title='bbox 120 1660 316 1715; x_wconf 79' lang='grc' dir='ltr'><em>πόλεμον.</em></span> <span class='ocrx_word' id='word_1_209' title='bbox 348 1660 383 1698; x_wconf 88' lang='grc' dir='ltr'><strong>Τ</strong></span> <span class='ocrx_word' id='word_1_210' title='bbox 388 1674 561 1700; x_wconf 75' lang='lat' dir='ltr'><strong>ovnvs,</strong></span> <span class='ocrx_word' id='word_1_211' title='bbox 621 1661 721 1699; x_wconf 88' lang='lat' dir='ltr'><strong>Dux</strong></span> <span class='ocrx_word' id='word_1_212' title='bbox 744 1660 819 1698; x_wconf 91' lang='lat' dir='ltr'><strong>ille</strong></span> <span class='ocrx_word' id='word_1_213' title='bbox 838 1660 1128 1700; x_wconf 86' lang='lat' dir='ltr'><strong>Hermocrates</strong></span> <span class='ocrx_word' id='word_1_214' title='bbox 1155 1668 1246 1700; x_wconf 80' lang='lat' dir='ltr'><strong>erat</strong></span> <span class='ocrx_word' id='word_1_215' title='bbox 1268 1661 1458 1714; x_wconf 84' lang='lat' dir='ltr'><strong>Syracu..</strong></span> 
     </span>
     <span class='ocr_line' id='line_1_27' title="bbox 118 1715 1454 1770; baseline -0.001 -14"><span class='ocrx_word' id='word_1_216' title='bbox 118 1730 343 1757; x_wconf 84' lang='lat' dir='ltr'><strong>sanorum:-</strong></span> <span class='ocrx_word' id='word_1_217' title='bbox 370 1716 422 1754; x_wconf 87' lang='lat' dir='ltr'><strong>de</strong></span> <span class='ocrx_word' id='word_1_218' title='bbox 452 1730 533 1768; x_wconf 90' lang='lat' dir='ltr'><strong>quo</strong></span> <span class='ocrx_word' id='word_1_219' title='bbox 559 1716 683 1756; x_wconf 87' lang='lat' dir='ltr'><strong>Diod.</strong></span> <span class='ocrx_word' id='word_1_220' title='bbox 708 1716 790 1755; x_wconf 87' lang='lat' dir='ltr'><strong>Sic.</strong></span> <span class='ocrx_word' id='word_1_221' title='bbox 824 1715 896 1766; x_wconf 82' lang='lat'><strong>13,</strong></span> <span class='ocrx_word' id='word_1_222' title='bbox 930 1718 994 1769; x_wconf 86' lang='lat'><strong>75.</strong></span> <span class='ocrx_word' id='word_1_223' title='bbox 1019 1723 1061 1756; x_wconf 82' lang='lat' dir='ltr'><strong>et</strong></span> <span class='ocrx_word' id='word_1_224' title='bbox 1085 1717 1212 1769; x_wconf 83' lang='lat' dir='ltr'><strong>plura</strong></span> <span class='ocrx_word' id='word_1_225' title='bbox 1235 1717 1454 1770; x_wconf 82' lang='lat' dir='ltr'><strong>Thucydi-</strong></span> 
     </span>
     <span class='ocr_line' id='line_1_28' title="bbox 119 1771 417 1823; baseline -0.007 -11"><span class='ocrx_word' id='word_1_226' title='bbox 119 1773 192 1812; x_wconf 80' lang='lat' dir='ltr'><strong>des</strong></span> <span class='ocrx_word' id='word_1_227' title='bbox 213 1771 288 1810; x_wconf 75' lang='lat' dir='ltr'><strong>1.ss</strong></span> <span class='ocrx_word' id='word_1_228' title='bbox 311 1778 352 1811; x_wconf 82' lang='lat' dir='ltr'><strong>et</strong></span> <span class='ocrx_word' id='word_1_229' title='bbox 380 1784 417 1823; x_wconf 88' lang='lat'><strong>7.</strong></span> 
     </span>
    </p>

    <p class='ocr_par' dir='ltr' id='par_1_5' title="bbox 120 1825 1516 2385">
     <span class='ocr_line' id='line_1_29' title="bbox 235 1825 1461 1884; baseline 0 -18"><span class='ocrx_word' id='word_1_230' title='bbox 235 1828 274 1883; x_wconf 91' lang='grc'>5.</span> <span class='ocrx_word' id='word_1_231' title='bbox 302 1829 340 1866; x_wconf 82' lang='grc'><strong>4.</strong></span> <span class='ocrx_word' id='word_1_232' title='bbox 385 1830 443 1868; x_wconf 89' lang='grc' dir='ltr'><strong>Τί</strong></span> <span class='ocrx_word' id='word_1_233' title='bbox 461 1828 526 1869; x_wconf 79' lang='grc' dir='ltr'><em>δεῖ</em></span> <span class='ocrx_word' id='word_1_234' title='bbox 541 1830 638 1881; x_wconf 82' lang='grc' dir='ltr'><em>περὶ</em></span> <span class='ocrx_word' id='word_1_235' title='bbox 667 1828 860 1882; x_wconf 84' lang='grc' dir='ltr'><em>Τιμαίου</em></span> <span class='ocrx_word' id='word_1_236' title='bbox 878 1829 1031 1881; x_wconf 66' lang='grc' dir='ltr'><em>λεγεινς</em></span> <span class='ocrx_word' id='word_1_237' title='bbox 1060 1825 1175 1871; x_wconf 80' lang='grc' dir='ltr'><em>ὅπου</em></span> <span class='ocrx_word' id='word_1_238' title='bbox 1195 1832 1264 1884; x_wconf 83' lang='grc' dir='ltr'><strong>γε]</strong></span> <span class='ocrx_word' id='word_1_239' title='bbox 1310 1829 1461 1868; x_wconf 87' lang='lat' dir='ltr'><strong>Manu·-</strong></span> 
     </span>
     <span class='ocr_line' id='line_1_30' title="bbox 120 1883 1460 1936; baseline -0.001 -12"><span class='ocrx_word' id='word_1_240' title='bbox 120 1886 221 1933; x_wconf 84' lang='lat' dir='ltr'><strong>tius,</strong></span> <span class='ocrx_word' id='word_1_241' title='bbox 251 1886 347 1924; x_wconf 85' lang='grc' dir='ltr'><strong>Καί</strong></span> <span class='ocrx_word' id='word_1_242' title='bbox 366 1900 432 1924; x_wconf 82' lang='grc' dir='ltr'><strong>τοι</strong></span> <span class='ocrx_word' id='word_1_243' title='bbox 452 1887 494 1926; x_wconf 86' lang='grc' dir='ltr'><strong>τί</strong></span> <span class='ocrx_word' id='word_1_244' title='bbox 515 1884 585 1925; x_wconf 87' lang='grc' dir='ltr'><em>δεῖ.</em></span> <span class='ocrx_word' id='word_1_245' title='bbox 639 1883 823 1935; x_wconf 84' lang='lat' dir='ltr'><strong>Vterque.</strong></span> <span class='ocrx_word' id='word_1_246' title='bbox 848 1883 937 1922; x_wconf 85' lang='lat' dir='ltr'><strong>cod.</strong></span> <span class='ocrx_word' id='word_1_247' title='bbox 964 1884 994 1921; x_wconf 82' lang='lat' dir='ltr'>V</span> <span class='ocrx_word' id='word_1_248' title='bbox 997 1891 1049 1923; x_wconf 89' lang='lat' dir='ltr'><strong>at.</strong></span> <span class='ocrx_word' id='word_1_249' title='bbox 1073 1889 1167 1926; x_wconf 80' lang='grc' dir='ltr'><strong>Καὶ</strong></span> <span class='ocrx_word' id='word_1_250' title='bbox 1185 1889 1227 1927; x_wconf 71' lang='grc' dir='ltr'><strong>τί</strong></span> <span class='ocrx_word' id='word_1_251' title='bbox 1245 1886 1315 1926; x_wconf 82' lang='grc' dir='ltr'><em>δεῖ.</em></span> <span class='ocrx_word' id='word_1_252' title='bbox 1355 1898 1460 1936; x_wconf 86' lang='lat' dir='ltr'><strong>quae</strong></span> 
     </span>
     <span class='ocr_line' id='line_1_31' title="bbox 121 1938 1460 1992; baseline -0.001 -13"><span class='ocrx_word' id='word_1_253' title='bbox 121 1955 222 1980; x_wconf 82' lang='lat' dir='ltr'><strong>vera</strong></span> <span class='ocrx_word' id='word_1_254' title='bbox 240 1939 380 1979; x_wconf 84' lang='lat' dir='ltr'><strong>lectio.</strong></span> <span class='ocrx_word' id='word_1_255' title='bbox 393 1940 534 1979; x_wconf 87' lang='lat' dir='ltr'><strong>Schol.</strong></span> <span class='ocrx_word' id='word_1_256' title='bbox 546 1939 816 1991; x_wconf 79' lang='lat' dir='ltr'><strong>adA1istoph.</strong></span> <span class='ocrx_word' id='word_1_257' title='bbox 833 1938 1013 1978; x_wconf 76' lang='lat' dir='ltr'><strong>Acham</strong></span> <span class='ocrx_word' id='word_1_258' title='bbox 1029 1944 1123 1992; x_wconf 85' lang='lat'><strong>278</strong></span> <span class='ocrx_word' id='word_1_259' title='bbox 1136 1944 1279 1982; x_wconf 82' lang='grc' dir='ltr'><em>Καὶτί</em></span> <span class='ocrx_word' id='word_1_260' title='bbox 1292 1941 1353 1981; x_wconf 78' lang='grc' dir='ltr'><em>δεῖ</em></span> <span class='ocrx_word' id='word_1_261' title='bbox 1363 1943 1460 1992; x_wconf 80' lang='grc' dir='ltr'><em>περὶ</em></span> 
     </span>
     <span class='ocr_line' id='line_1_32' title="bbox 122 1990 1516 2050; baseline -0.003 -13"><span class='ocrx_word' id='word_1_262' title='bbox 122 1995 306 2038; x_wconf 80' lang='grc' dir='ltr'><em>ἀσπίδος</em></span> <span class='ocrx_word' id='word_1_263' title='bbox 324 1999 399 2035; x_wconf 85' lang='grc' dir='ltr'><strong>καὶ</strong></span> <span class='ocrx_word' id='word_1_264' title='bbox 418 1996 628 2045; x_wconf 80' lang='grc' dir='ltr'><em>πηδαλίου</em></span> <span class='ocrx_word' id='word_1_265' title='bbox 652 1997 699 2034; x_wconf 75' lang='grc' dir='ltr'><strong>λέ</strong></span> <span class='ocrx_word' id='word_1_266' title='bbox 676 2009 806 2048; x_wconf 72' lang='lat' dir='ltr'><strong>cyecv5</strong></span> <span class='ocrx_word' id='word_1_267' title='bbox 835 1990 950 2035; x_wconf 72' lang='grc' dir='ltr'><em>ὅποι</em></span> <span class='ocrx_word' id='word_1_268' title='bbox 972 2012 1013 2048; x_wconf 82' lang='grc' dir='ltr'><strong>γε</strong></span> <span class='ocrx_word' id='word_1_269' title='bbox 1033 1997 1325 2050; x_wconf 83' lang='lat' dir='ltr'><strong>—Dionysius</strong></span> <span class='ocrx_word' id='word_1_270' title='bbox 1342 1995 1461 2034; x_wconf 83' lang='lat' dir='ltr'>Hali·</span> <span class='ocrx_word' id='word_1_271' title='bbox 1508 2008 1516 2020; x_wconf 80' lang='lat'><strong>·</strong></span> 
     </span>
     <span class='ocr_line' id='line_1_33' title="bbox 124 2050 1459 2113; baseline 0.001 -24"><span class='ocrx_word' id='word_1_272' title='bbox 124 2065 235 2090; x_wconf 75' lang='lat' dir='ltr'><strong>carn.</strong></span> <span class='ocrx_word' id='word_1_273' title='bbox 268 2052 403 2113; x_wconf 87' lang='lat' dir='ltr'><strong>Antiq.</strong></span> <span class='ocrx_word' id='word_1_274' title='bbox 426 2051 543 2090; x_wconf 83' lang='lat' dir='ltr'><strong>Rom.</strong></span> <span class='ocrx_word' id='word_1_275' title='bbox 569 2052 641 2089; x_wconf 86' lang='lat' dir='ltr'><strong>lib.</strong></span> <span class='ocrx_word' id='word_1_276' title='bbox 669 2063 701 2088; x_wconf 90' lang='lat'><strong>1.</strong></span> <span class='ocrx_word' id='word_1_277' title='bbox 740 2053 834 2090; x_wconf 81' lang='grc' dir='ltr'><strong>Καὶ</strong></span> <span class='ocrx_word' id='word_1_278' title='bbox 856 2053 897 2091; x_wconf 82' lang='grc' dir='ltr'><strong>τί</strong></span> <span class='ocrx_word' id='word_1_279' title='bbox 926 2050 988 2091; x_wconf 84' lang='grc' dir='ltr'><em>δεῖ</em></span> <span class='ocrx_word' id='word_1_280' title='bbox 1006 2053 1208 2105; x_wconf 76' lang='grc' dir='ltr'><em>περὶτῶν</em></span> <span class='ocrx_word' id='word_1_281' title='bbox 1232 2053 1369 2094; x_wconf 83' lang='grc' dir='ltr'><em>ἄλλων</em></span> <span class='ocrx_word' id='word_1_282' title='bbox 1390 2053 1459 2091; x_wconf 78' lang='grc' dir='ltr'><strong>λέ-</strong></span> 
     </span>
     <span class='ocr_line' id='line_1_34' title="bbox 122 2102 1465 2162; baseline -0.002 -13.993"><span class='ocrx_word' id='word_1_283' title='bbox 122 2123 233 2162; x_wconf 61' lang='lat' dir='ltr'><strong>qam</strong></span> <span class='ocrx_word' id='word_1_284' title='bbox 263 2102 376 2147; x_wconf 80' lang='grc' dir='ltr'><em>ὅπου</em></span> <span class='ocrx_word' id='word_1_285' title='bbox 404 2122 448 2161; x_wconf 83' lang='grc' dir='ltr'><strong>γε</strong></span> <span class='ocrx_word' id='word_1_286' title='bbox 467 2106 738 2158; x_wconf 82' lang='lat' dir='ltr'><strong>—Iosephus</strong></span> <span class='ocrx_word' id='word_1_287' title='bbox 761 2113 895 2144; x_wconf 87' lang='lat' dir='ltr'><strong>cont1.</strong></span> <span class='ocrx_word' id='word_1_288' title='bbox 922 2107 1069 2158; x_wconf 85' lang='lat' dir='ltr'><strong>Apion.</strong></span> <span class='ocrx_word' id='word_1_289' title='bbox 1098 2123 1137 2161; x_wconf 86' lang='lat' dir='ltr'><strong>p.</strong></span> <span class='ocrx_word' id='word_1_290' title='bbox 1170 2109 1266 2161; x_wconf 81' lang='grc'>459.</span> <span class='ocrx_word' id='word_1_291' title='bbox 1306 2110 1400 2149; x_wconf 81' lang='grc' dir='ltr'><strong>Καὶ</strong></span> <span class='ocrx_word' id='word_1_292' title='bbox 1422 2107 1465 2146; x_wconf 80' lang='grc' dir='ltr'><strong>τί</strong></span> 
     </span>
     <span class='ocr_line' id='line_1_35' title="bbox 125 2159 1463 2219; baseline -0.001 -15"><span class='ocrx_word' id='word_1_293' title='bbox 125 2164 187 2204; x_wconf 82' lang='grc' dir='ltr'><em>δεῖ</em></span> <span class='ocrx_word' id='word_1_294' title='bbox 211 2166 342 2216; x_wconf 79' lang='grc' dir='ltr'><em>λέγειν</em></span> <span class='ocrx_word' id='word_1_295' title='bbox 364 2167 461 2217; x_wconf 78' lang='grc' dir='ltr'><em>περὶ</em></span> <span class='ocrx_word' id='word_1_296' title='bbox 487 2164 568 2203; x_wconf 81' lang='grc' dir='ltr'><em>τῶν</em></span> <span class='ocrx_word' id='word_1_297' title='bbox 600 2161 714 2202; x_wconf 71' lang='lat' dir='ltr'><strong>nato?</strong></span> <span class='ocrx_word' id='word_1_298' title='bbox 748 2161 891 2205; x_wconf 69' lang='grc' dir='ltr'><em>πόλεις</em></span> <span class='ocrx_word' id='word_1_299' title='bbox 912 2167 986 2202; x_wconf 79' lang='grc' dir='ltr'><strong>καὶ</strong></span> <span class='ocrx_word' id='word_1_300' title='bbox 1009 2167 1312 2219; x_wconf 74' lang='grc' dir='ltr'><em>βραχυτέρῳν;</em></span> <span class='ocrx_word' id='word_1_301' title='bbox 1350 2159 1463 2203; x_wconf 85' lang='grc' dir='ltr'><em>ὅπου</em></span> 
     </span>
     <span class='ocr_line' id='line_1_36' title="bbox 125 2217 1460 2273; baseline -0.006 -13"><span class='ocrx_word' id='word_1_302' title='bbox 125 2235 169 2273; x_wconf 79' lang='grc' dir='ltr'><strong>γε</strong></span> <span class='ocrx_word' id='word_1_303' title='bbox 189 2222 283 2270; x_wconf 82' lang='grc' dir='ltr'><em>περὶ</em></span> <span class='ocrx_word' id='word_1_304' title='bbox 306 2218 378 2267; x_wconf 80' lang='grc' dir='ltr'><strong>τῆς</strong></span> <span class='ocrx_word' id='word_1_305' title='bbox 399 2218 681 2273; x_wconf 77' lang='grc' dir='ltr'><em>περιηγήσεως</em></span> <span class='ocrx_word' id='word_1_306' title='bbox 700 2217 772 2267; x_wconf 77' lang='grc' dir='ltr'><strong>τῆς</strong></span> <span class='ocrx_word' id='word_1_307' title='bbox 796 2218 1012 2270; x_wconf 83' lang='grc' dir='ltr'><em>Περσικης</em></span> <span class='ocrx_word' id='word_1_308' title='bbox 1030 2222 1253 2273; x_wconf 62' lang='grc' dir='ltr'><strong>στρατείας</strong></span> <span class='ocrx_word' id='word_1_309' title='bbox 1275 2225 1318 2261; x_wconf 71' lang='grc' dir='ltr'><strong>οἱ</strong></span> <span class='ocrx_word' id='word_1_310' title='bbox 1341 2218 1460 2260; x_wconf 67' lang='lat' dir='ltr'><strong>‹Som-</strong></span> 
     </span>
     <span class='ocr_line' id='line_1_37' title="bbox 126 2273 1464 2330; baseline -0.001 -16"><span class='ocrx_word' id='word_1_311' title='bbox 126 2275 321 2330; x_wconf 81' lang='grc' dir='ltr'><em>μώτατοι</em></span> <span class='ocrx_word' id='word_1_312' title='bbox 351 2273 722 2326; x_wconf 76' lang='grc' dir='ltr'><em>διαπεφωνηκασι.</em></span> <span class='ocrx_word' id='word_1_313' title='bbox 781 2274 841 2313; x_wconf 86' lang='lat' dir='ltr'><strong>Ita</strong></span> <span class='ocrx_word' id='word_1_314' title='bbox 865 2275 1107 2315; x_wconf 83' lang='lat' dir='ltr'><strong>scribendus</strong></span> <span class='ocrx_word' id='word_1_315' title='bbox 1130 2277 1207 2315; x_wconf 88' lang='lat' dir='ltr'><strong>iste</strong></span> <span class='ocrx_word' id='word_1_316' title='bbox 1226 2276 1344 2314; x_wconf 87' lang='lat' dir='ltr'><strong>locus</strong></span> <span class='ocrx_word' id='word_1_317' title='bbox 1367 2288 1464 2313; x_wconf 86' lang='lat' dir='ltr'><strong>cum</strong></span> 
     </span>
     <span class='ocr_line' id='line_1_38' title="bbox 126 2330 1461 2385; baseline -0.004 -15"><span class='ocrx_word' id='word_1_318' title='bbox 126 2331 316 2370; x_wconf 76' lang='lat' dir='ltr'><strong>Eusebio.</strong></span> <span class='ocrx_word' id='word_1_319' title='bbox 375 2331 507 2382; x_wconf 86' lang='lat' dir='ltr'><strong>Vulgo</strong></span> <span class='ocrx_word' id='word_1_320' title='bbox 533 2330 743 2370; x_wconf 68' lang='lat' dir='ltr'><strong>omittitur</strong></span> <span class='ocrx_word' id='word_1_321' title='bbox 761 2345 828 2385; x_wconf 81' lang='grc' dir='ltr'><strong>γε,</strong></span> <span class='ocrx_word' id='word_1_322' title='bbox 859 2343 943 2369; x_wconf 85' lang='lat' dir='ltr'><strong>non</strong></span> <span class='ocrx_word' id='word_1_323' title='bbox 965 2333 1053 2372; x_wconf 79' lang='lat' dir='ltr'><strong>sine</strong></span> <span class='ocrx_word' id='word_1_324' title='bbox 1078 2332 1304 2384; x_wconf 85' lang='lat' dir='ltr'><strong>elegantiae</strong></span> <span class='ocrx_word' id='word_1_325' title='bbox 1323 2330 1461 2370; x_wconf 71' lang='lat' dir='ltr'><strong>detri-</strong></span> 
     </span>
    </p>

    <p class='ocr_par' dir='ltr' id='par_1_6' title="bbox 82 2386 1465 2721">
     <span class='ocr_line' id='line_1_39' title="bbox 126 2386 525 2425; baseline -0.003 0"><span class='ocrx_word' id='word_1_326' title='bbox 126 2393 282 2425; x_wconf 78' lang='lat' dir='ltr'><strong>mento.</strong></span> <span class='ocrx_word' id='word_1_327' title='bbox 314 2386 525 2425; x_wconf 73' lang='lat' dir='ltr'><strong>Tovmvs.</strong></span> 
     </span>
     <span class='ocr_line' id='line_1_40' title="bbox 82 2441 1461 2499; baseline 0.002 -18"><span class='ocrx_word' id='word_1_328' title='bbox 82 2441 91 2447; x_wconf 84' lang='grc'><strong>”</strong></span> <span class='ocrx_word' id='word_1_329' title='bbox 241 2443 419 2496; x_wconf 84' lang='grc' dir='ltr'><em>ὄμματα</em></span> <span class='ocrx_word' id='word_1_330' title='bbox 442 2442 667 2495; x_wconf 76' lang='grc' dir='ltr'><em>στρέψαις]</em></span> <span class='ocrx_word' id='word_1_331' title='bbox 709 2443 914 2490; x_wconf 67' lang='lat' dir='ltr'><strong>Manutius</strong></span> <span class='ocrx_word' id='word_1_332' title='bbox 937 2452 978 2483; x_wconf 86' lang='lat' dir='ltr'><strong>et</strong></span> <span class='ocrx_word' id='word_1_333' title='bbox 999 2444 1347 2493; x_wconf 23' lang='lat' dir='ltr'><strong>MSS..n0nnu11i‚</strong></span> <span class='ocrx_word' id='word_1_334' title='bbox 1384 2459 1461 2499; x_wconf 87' lang='grc' dir='ltr'><strong>με-</strong></span> 
     </span>
     <span class='ocr_line' id='line_1_41' title="bbox 125 2498 1459 2553; baseline -0.002 -13"><span class='ocrx_word' id='word_1_335' title='bbox 125 2501 406 2550; x_wconf 68' lang='grc' dir='ltr'><em>ταστρέψαις.</em></span> <span class='ocrx_word' id='word_1_336' title='bbox 462 2498 678 2544; x_wconf 84' lang='lat' dir='ltr'><strong>Quomodo</strong></span> <span class='ocrx_word' id='word_1_337' title='bbox 698 2499 851 2551; x_wconf 71' lang='lat' dir='ltr'><strong>legitur</strong></span> <span class='ocrx_word' id='word_1_338' title='bbox 873 2501 984 2552; x_wconf 85' lang='lat' dir='ltr'><strong>apud</strong></span> <span class='ocrx_word' id='word_1_339' title='bbox 1007 2501 1198 2553; x_wconf 88' lang='lat' dir='ltr'><strong>Xenoph.</strong></span> <span class='ocrx_word' id='word_1_340' title='bbox 1218 2501 1459 2539; x_wconf 70' lang='lat' dir='ltr'><strong>Lacedaem.</strong></span> 
     </span>
     <span class='ocr_line' id='line_1_42' title="bbox 127 2553 1461 2608; baseline 0.001 -16"><span class='ocrx_word' id='word_1_341' title='bbox 127 2555 303 2605; x_wconf 80' lang='lat' dir='ltr'><strong>Republ.</strong></span> <span class='ocrx_word' id='word_1_342' title='bbox 330 2569 368 2606; x_wconf 87' lang='lat' dir='ltr'><strong>p.</strong></span> <span class='ocrx_word' id='word_1_343' title='bbox 391 2554 482 2605; x_wconf 83' lang='lat'><strong>679.</strong></span> <span class='ocrx_word' id='word_1_344' title='bbox 546 2553 668 2600; x_wconf 85' lang='lat' dir='ltr'><strong>Quod</strong></span> <span class='ocrx_word' id='word_1_345' title='bbox 690 2562 732 2593; x_wconf 86' lang='lat' dir='ltr'><strong>et</strong></span> <span class='ocrx_word' id='word_1_346' title='bbox 754 2557 893 2595; x_wconf 81' lang='lat' dir='ltr'><strong>nescio</strong></span> <span class='ocrx_word' id='word_1_347' title='bbox 913 2557 1120 2608; x_wconf 87' lang='lat' dir='ltr'><strong>quomodo</strong></span> <span class='ocrx_word' id='word_1_348' title='bbox 1146 2556 1372 2608; x_wconf 80' lang='lat' dir='ltr'><strong>elegantius</strong></span> <span class='ocrx_word' id='word_1_349' title='bbox 1394 2556 1461 2593; x_wconf 88' lang='lat' dir='ltr'><strong>vi-</strong></span> 
     </span>
     <span class='ocr_line' id='line_1_43' title="bbox 127 2609 1465 2664; baseline 0.001 -16"><span class='ocrx_word' id='word_1_350' title='bbox 127 2610 261 2648; x_wconf 68' lang='lat' dir='ltr'><strong>detur.</strong></span> <span class='ocrx_word' id='word_1_351' title='bbox 312 2610 524 2647; x_wconf 58' lang='lat' dir='ltr'><strong>&#39;sovmvm</strong></span> <span class='ocrx_word' id='word_1_352' title='bbox 584 2609 693 2648; x_wconf 80' lang='lat' dir='ltr'><strong>Illud</strong></span> <span class='ocrx_word' id='word_1_353' title='bbox 727 2617 937 2664; x_wconf 76' lang='grc' dir='ltr'><em>στρέψαις</em></span> <span class='ocrx_word' id='word_1_354' title='bbox 967 2613 1070 2651; x_wconf 85' lang='lat' dir='ltr'><strong>mihi</strong></span> <span class='ocrx_word' id='word_1_355' title='bbox 1099 2612 1266 2650; x_wconf 82' lang='lat' dir='ltr'><strong>videtur</strong></span> <span class='ocrx_word' id='word_1_356' title='bbox 1299 2611 1465 2663; x_wconf 73' lang='lat' dir='ltr'><strong>gravius</strong></span> 
     </span>
     <span class='ocr_line' id='line_1_44' title="bbox 128 2664 1465 2721; baseline 0.002 -18"><span class='ocrx_word' id='word_1_357' title='bbox 128 2672 171 2704; x_wconf 81' lang='lat' dir='ltr'><strong>et</strong></span> <span class='ocrx_word' id='word_1_358' title='bbox 191 2666 396 2706; x_wconf 77' lang='lat' dir='ltr'><strong>suauioris</strong></span> <span class='ocrx_word' id='word_1_359' title='bbox 423 2665 512 2703; x_wconf 87' lang='lat' dir='ltr'><strong>soni</strong></span> <span class='ocrx_word' id='word_1_360' title='bbox 531 2664 613 2703; x_wconf 85' lang='lat' dir='ltr'><strong>hoc</strong></span> <span class='ocrx_word' id='word_1_361' title='bbox 634 2665 743 2715; x_wconf 90' lang='lat' dir='ltr'><strong>loco,</strong></span> <span class='ocrx_word' id='word_1_362' title='bbox 773 2681 895 2719; x_wconf 82' lang='lat' dir='ltr'><strong>quam</strong></span> <span class='ocrx_word' id='word_1_363' title='bbox 921 2668 1040 2721; x_wconf 76' lang='lat' dir='ltr'><strong>quod&#39;</strong></span> <span class='ocrx_word' id='word_1_364' title='bbox 1057 2668 1345 2720; x_wconf 77' lang='lat' dir='ltr'><strong>Xenophontis</strong></span> <span class='ocrx_word' id='word_1_365' title='bbox 1364 2667 1465 2707; x_wconf 83' lang='lat' dir='ltr'><strong>libri</strong></span> 
     </span>
    </p>
   </div>
  </div>
 </body>
</html>
