1752 3118
308 287 405 321 cxx
515 269 1045 323 DISSERTATIO
1082 267 1405 317 CRITICA

309 395 370 443 de
399 396 669 460 saepissime
692 394 867 441 omisso
890 393 1037 441 verbo
1061 392 1359 439 substantiuo
1377 391 1473 454 (Cf.
1495 391 1623 439 Add.

309 462 369 509 ad
389 466 552 525 5,1.)‚
578 464 654 511 vel
677 465 869 519 ineerta,
892 461 1001 523 quia
1031 473 1098 505 sat
1119 460 1278 505 multis
1298 460 1525 523 exemplis
1548 461 1625 506 fir*

308 531 426 578 mari
446 542 701 592 nequeunt.
741 528 956 588 Denique
979 525 1037 572 de
1058 539 1159 573 toto
1180 543 1349 588 genere
1373 525 1626 588 scribendi,

312 595 444 660 quod
475 596 693 643 vniuerse
721 595 1027 642 decernentes
1049 593 1159 639 satis
1191 594 1339 652 clare,
1376 593 1629 656 profacul-

312 677 420 724 tate,
453 681 593 726 quam
616 661 843 726 praebet
830 678 930 725 ipse
951 661 1086 719 liber,
1114 659 1431 718 definiuimus,
1458 660 1629 707 iustam

313 744 374 776 et
394 730 608 776 meritam
640 728 822 775 auctori
851 726 1042 774 laudem
1077 744 1162 773 nec
1186 744 1209 772 a
1237 740 1393 773 nostia
1419 726 1630 790 disputa-

310 796 444 845 tione
467 795 821 845 dissentientem
842 793 1006 842 tribuit
1028 793 1369 847 Ruhnkenius
1357 811 1406 839 m
1418 796 1631 841 Dis-sert.

310 862 348 927 ς.
376 862 490 910 ΧΠ.
522 884 525 888 v

323 950 336 958 ”
801 955 840 1001 c
870 952 916 1001 A
949 951 1001 1001 P.
1072 950 1138 998 11.

313 1065 389 1099 DE
435 1064 684 1100 FINIBVS
723 1064 1009 1100 SVBLIMIS
1051 1062 1391 1096 DICTIONIS
1428 1060 1496 1096 AB
1533 1060 1603 1097 AV

479 1133 675 1167 CTAORE
699 1132 868 1165 LIBRI
892 1132 941 1165 II,
972 1131 1006 1168 Υ.
1033 1130 1458 1169 CONSTITVTIS.

864 1229 906 1294 ᾗ..
947 1229 1085 1284 xvi

413 1335 590 1399 Magna
614 1336 754 1384 datur
777 1338 835 1384 ad
861 1336 1121 1384 orationem
1146 1335 1281 1382 altius
1319 1334 1637 1384 extollendam

313 1404 549 1451 virtutum
570 1405 737 1480 eopia,
774 1422 976 1468 quarum
1005 1420 1140 1457 Vsum
1170 1402 1443 1448 moderatur
1452 1403 1637 1480 ‘partim

314 1471 585 1534 argumenti
605 1486 794 1530 natura,
830 1471 999 1534 partim
1025 1468 1278 1516 consilium
1304 1469 1379 1517 vel
1404 1470 1543 1516 etiam
1567 1469 1639 1516 in-

315 1538 506 1600 genium
555 1537 814 1602 scriptoris.
883 1537 1006 1589 Nam
1042 1536 1328 1583 admirabilis
1365 1537 1551 1583 nouitas
1586 1538 1638 1585 in

314 1605 460 1653 rebus
487 1619 533 1651 et
558 1605 741 1664 verbis,
791 1606 860 1653 vis
891 1604 1237 1668 contr-ariolum
1273 1603 1519 1670 contraiiis
1547 1619 1637 1668 o'p-
1708 1653 1715 1660 „

311 1671 605 1735 positorum,
632 1673 796 1736 copiae
818 1672 1086 1719 luculentus
1104 1683 1378 1734 apparatus,
1401 1684 1447 1716 et
1470 1685 1638 1719 contra

316 1739 522 1784 b'reuitas
545 1752 729 1803 arguta,
764 1740 1022 1802 figurarum
1044 1738 1179 1783 etiam
1200 1751 1246 1783 et
1264 1751 1515 1801 troporum
1536 1755 1640 1802 gra·-

271 1805 276 1813 ’
313 1805 431 1853 vitas
445 1843 457 1865 ,
496 1819 541 1852 et
563 1807 650 1852 alia
672 1823 759 1852 suo
786 1807 898 1852 loco
920 1818 1137 1868 vsurpata
1155 1817 1352 1868 possunt
1374 1803 1638 1851 orationem

313 1871 368 1922 in'
386 1871 630 1922 mirificam,
650 1872 946 1929 altitudinem
975 1872 1217 1918 extollere.
1265 1869 1447 1917 Eadem
1466 1871 1547 1917 illa
1566 1879 1640 1918 or-

314 1954 529 1987 namenta
566 1940 759 2001 paulum
792 1953 1047 2005 temperata
1084 1938 1364 2002 parciusque
1410 1938 1554 2001 paulo
1586 1939 1638 1986 in

314 2005 581 2054 subsidium
608 2022 770 2054 vocata
793 2009 1052 2055 orationem
1078 2006 1257 2053 faciunt
1274 2005 1427 2052 minus
1453 2005 1637 2063 elatam,

317 2071 404 2119 sed
427 2092 549 2137 quae
569 2073 688 2120 illo
677 2092 801 2139 ipso,
826 2091 965 2139 quem
986 2086 1141 2135 tenet,
1164 2071 1462 2119 sublimitatis
1487 2088 1540 2133 gx
1543 2071 1638 2120 adu

314 2155 621 2203 aigumento‚
657 2141 706 2188 in
744 2159 840 2205 qno
879 2155 1119 2203 versatm,
1147 2139 1297 2204 possit
1329 2140 1441 2185 esse
1463 2156 1644 2185 conue-

313 2206 618 2254 nientissima.
676 2208 757 2255 Ab
778 2209 868 2255 hac
892 2226 1056 2255 rursus
1080 2207 1251 2271 exiguo
1271 2204 1540 2253 discrimine
1562 2204 1637 2252 die

315 2286 514 2321 stantem
535 2275 615 2320 ali
602 2293 675 2322 am
695 2292 872 2339 ponere
894 2276 1033 2335 licet3
1059 2291 1178 2339 quae
1197 2286 1357 2320 tamen
1374 2274 1487 2320 item
1506 2287 1635 2320 recte

315 2337 496 2386 dicatur
525 2342 763 2403 sublimis,
819 2342 903 2390 etsi
939 2342 1030 2389 iam
1063 2342 1254 2389 teitium
1287 2339 1547 2387 altitudinis
1589 2355 1636 2388 et

314 2405 556 2469 dignitatis
577 2408 738 2457 locum
757 2423 940 2457 teneat..
974 2410 1130 2472 Atque
1151 2408 1248 2457 hoe
1266 2407 1432 2467 modo,
1469 2408 1508 2453 si
1527 2408 1635 2454 satis

314 2487 456 2520 acuto
486 2491 627 2521 sensu
655 2476 899 2523 aestimare
925 2490 972 2524 et
997 2476 1118 2523 intel
1148 2493 1198 2522 se
1234 2491 1509 2538 comparare
1541 2474 1636 2521 sci-

312 2557 417 2589 mus
443 2540 716 2603 granditatis
750 2557 936 2608 partes,
989 2561 1077 2607 per
1110 2542 1319 2590 infinitos
1354 2541 1525 2606 gradus
1555 2540 1635 2588 deo

313 2606 538 2654 scendere
565 2624 847 2673 possumus,
895 2609 1050 2658 donec
1078 2625 1277 2659 ventum
1308 2609 1369 2656 sit
1400 2608 1460 2655 ad
1486 2625 1634 2670 genus

314 2673 570 2736 orationis,
618 2675 680 2724 de
716 2694 814 2742 quo
852 2677 1020 2725 incerti
1044 2678 1291 2726 haerentes
1324 2677 1634 2741 pronuntiate
