1752 3118
350 281 431 321 336
653 278 881 321 NOTAE
907 256 991 321 An'
1017 281 1098 322 DE
1129 282 1376 329 svan.

431 390 755 448 ἁποθηριουται
774 395 822 436 τό
847 395 1039 449 σύνολον]
1068 403 1116 435 vt
1133 410 1185 434 ne
1209 396 1350 435 audiat
1369 396 1538 449 quidem
1562 398 1679 438 dice-

343 462 394 487 re
412 449 627 488 volentem
647 455 718 490 aut
739 452 988 504 ingressum,
1012 452 1085 490 sed
1126 453 1164 490 ei
1183 453 1271 491 vim
1304 453 1467 490 afferat:
1507 467 1603 492 nam
1637 462 1679 493 et

343 503 545 544 hactenus
566 512 647 551 est,
676 510 740 559 (vt
757 508 899 547 verbis
927 508 1104 560 Longini
1129 521 1165 557 1,
1185 510 1224 546 4.
1264 509 1377 558 v‘tar)
1408 507 1457 548 τὸ
1484 509 1679 551 πιθανόν

344 558 412 612 ’ἐφ’
431 559 538 627 ’ἡμῖν
548 591 563 609 ,
592 569 640 601 vt
664 562 729 601 ira
749 563 998 602 inflammati
1021 564 1132 602 nihil
1154 564 1382 603 audiamus.

340 669 368 711 3
427 614 532 656 αὐτό
551 616 673 659 τοῦτο
701 617 881 661 διαλανυ
867 618 1000 676 “άνη]
1030 616 1187 658 Eodem
1216 620 1339 671 plane
1361 618 1484 658 modo
1517 619 1675 659 dictum

372 672 465 720 8,3
469 701 478 710 .

344 746 346 749 ’
426 726 467 782 §.
489 740 528 767 2.
558 732 638 770 καί
664 745 753 774 πως
782 732 1139 785 παραληφθεῖσα]
1170 730 1340 783 Repone
1381 733 1462 771 καί
1480 746 1568 775 πως
1586 746 1676 772 πα-

339 786 689 837 ρακαλυφθεῖσα.
744 785 864 824 Ν11111
888 787 966 825 hac
993 787 1283 826 emendatione
1318 788 1482 825 certius.
1539 787 1673 828 Δέδυ-

337 855 387 880 κε
409 843 498 883 τοῖς
520 840 713 881 κάλλεσιν
734 841 980 892 exquisitam
1005 843 1251 893 elegantiam
1270 843 1411 883 habet.
1464 843 1607 891 ΡΙιιῑεῑ1
1611 843 1676 881 ch.

338 896 392 934 de
414 895 617 935 Herodot.
634 897 797 947 Malign.
815 910 855 947 Ρ.
876 898 970 951 874.
988 896 1031 936 Β.
1050 897 1114 936 δεῖ
1127 897 1419 947 φυλάττεσθαι
1440 897 1516 947 τήν
1537 901 1673 952 βλασ-

339 953 516 1005 φημίαν
544 955 619 990 καὶ
651 954 936 1005 μικρολογίαν
967 954 1094 996 λείοις
1119 958 1196 992 καὶ
1234 952 1422 997 ἁπαλοῖς
1453 969 1674 1008 σχημασιν

338 1005 665 1048 ὑποδεδυκυῖαν.
694 1007 987 1046 RvnNKENivs.
1045 1007 1176 1046 Locus
1203 1010 1506 1047 vexatissimus.
1536 1009 1685 1074 “Lego-

338 1069 382 1103 et
402 1062 634 1114 distinguo:
668 1065 764 1103 Καί
788 1077 879 1106 πως
898 1064 1417 1107 ΠΛΡΑΛΕῙΦΘΕΙΣΑ
1436 1063 1463 1114 ἠ
1484 1064 1559 1105 τοῦ
1580 1080 1670 1104 πα-

336 1121 531 1171 νουργεῖν
551 1119 674 1170 τέχνη
695 1121 783 1162 τοῖς
802 1118 972 1159 κάλλεσι
993 1125 1070 1160 καὶ
1091 1122 1305 1173 μεγέθεσι,
1319 1117 1368 1160 w*
1388 1120 1542 1162 λοιπον
1561 1120 1672 1162 ὑπο-

337 1173 482 1214 δέδυκε
500 1178 577 1214 καὶ
595 1174 746 1216 πᾶσαν
765 1174 968 1229 ὑποψίαν
997 1180 1261 1230 ἐκπέφευγεν.
1317 1177 1410 1216 Vox
1429 1177 1522 1215 fluit
1540 1190 1626 1215 non
1647 1191 1672 1215 a

335 1233 633 1283 παραλείπειν,
656 1235 998 1285 praetermittere,
1029 1232 1101 1270 sed
1133 1246 1157 1270 a
1181 1234 1478 1286 παραλείφειν,
1504 1234 1671 1278 illinere,

338 1287 543 1340 obtegere,
574 1288 770 1327 dealbare.
826 1287 1072 1339 Metaphora
1091 1288 1218 1326 ducta
1245 1303 1270 1326 a
1295 1288 1523 1340 parietibus
1555 1289 1667 1327 deal-

334 1340 444 1381 ba'tis
461 1343 550 1381 siue
573 1345 684 1389 calce
707 1343 903 1382 obductis.
956 1342 1115 1381 Notum
1146 1343 1441 1395 prouerbium:
1468 1342 1556 1384 Δύο
1578 1347 1670 1384 τοί-

329 1397 666 1450 χους,οἷλείφεις.
696 1399 749 1437 de
782 1412 864 1451 quo
898 1398 1119 1438 Pausanias
1150 1399 1195 1436 in
1223 1398 1397 1447 Eliacis,
1433 1405 1476 1437 et
1500 1413 1580 1438 nos
1614 1399 1670 1437 ad.

333 1454 508 1499 Suidam
544 1468 586 1494 v.
625 1454 886 1508 Εὐφεγγεάς.
947 1454 1131 1493 Verbum
1171 1457 1458 1506 παραλείφειν
1494 1460 1671 1506 vsurpat

331 1509 632 1562 Aristophanes
680 1511 726 1549 in
762 1511 922 1549 Eccles.
960 1517 1002 1548 et
1049 1508 1294 1548 Aristoteles
1333 1509 1378 1547 in
1418 1509 1671 1549 Rhetoricis.

330 1565 452 1605 Idem
475 1569 759 1619 παραλείφειν
780 1573 821 1605 et
839 1569 1113 1620 παραχρίειν.
1170 1565 1338 1604 Suidas:
1368 1565 1599 1615 Κονιάται,
1621 1570 1668 1606 οἱ

332 1621 430 1666 τούς
473 1626 645 1674 τοίχους
682 1626 1008 1677 παραχρίοντες.
1062 1622 1183 1661 Haud
1216 1622 1477 1660 dissimiliter
1500 1622 1667 1660 locutus

332 1684 396 1718 est
424 1677 628 1717 Demades
660 1678 706 1717 in
724 1679 842 1717 Orat.
880 1694 920 1731 p.
947 1681 1038 1718 180
1081 1678 1499 1719 ΛΛΕΙΨΛΝΤΕΣ
1523 1677 1598 1731 λόγ
1600 1692 1667 1719 occ

332 1731 560 1785 εὐπρεπέσι
574 1734 787 1798 Θηβαίων
810 1734 908 1779 τούς
937 1732 1168 1787 παρόντας.
1226 1733 1446 1780 Quomodo
1475 1732 1594 1770 Philo
1622 1745 1663 1771 2.

331 1803 372 1842 Ρ.
395 1790 492 1829 310.
521 1787 792 1843 Εὐπρεπέσιν
809 1789 996 1846 ὀνόμασι
1017 1805 1070 1830 τα
1089 1788 1255 1842 αισχροῖ
1275 1792 1537 1843 ἐπικοσμεῖν.
1566 1787 1663 1825 Non

329 1845 469 1897 potuit
488 1845 716 1897 elegantius
738 1845 956 1898 Longinus.
1013 1846 1212 1885 Nostram
1236 1852 1377 1883 autem
1406 1843 1663 1882 emendatio-

328 1913 427 1938 nem
449 1901 574 1939 vm'ce
590 1901 762 1940 firmant
779 1916 884 1953 quae
906 1903 1152 1954 sequuntur:
1196 1902 1298 1941 Τίνι
1323 1900 1407 1953 γάρ
1439 1898 1603 1940 ἐνταῦθ’
1637 1915 1661 1938 ο

330 1969 471 2009 ρητωρ
494 1955 723 2012 απε’κρυψε
743 1957 790 1998 τό
816 1958 989 2023 σχῆμα,·
1018 1955 1176 2006 δῆλον
1164 1953 1229 1997 ότι
1254 1956 1360 1995 Taza
1379 1955 1544 1994 ΦΩΤΙ
1559 1955 1661 1994 AY-

332 2012 453 2051 Tm.
510 2012 626 2059 Quae
645 2014 774 2053 verba
797 2009 992 2066 inprimis
1013 2013 1206 2052 notanda.
1235 2015 1434 2053 Tovmvs.
1489 2010 1658 2049 Subdu-

327 2067 464 2107 bitans
488 2080 562 2119 ego
583 2068 747 2108 adsciui
773 2070 809 2108 Γ
810 2084 926 2121 oupu
946 2069 1307 2129 παραλειφθεῖσα.
1365 2066 1522 2104 Certe
1511 2080 1659 2119 παρα-

326 2125 462 2173 mque.
477 2136 563 2161 non
586 2131 648 2163 est
668 2126 948 2163 necessarium
964 2152 975 2172 ‚
1007 2130 1048 2161 et
1081 2136 1217 2175 prope
1241 2122 1366 2160 nimis
1397 2121 1570 2171 tritum3
1598 2121 1657 2159 il-
1716 2156 1718 2158 ,

327 2179 404 2219 lud
423 2185 563 2217 autem
582 2192 710 2230 graue
730 2186 771 2218 et
790 2179 965 2230 elegans.
1019 2178 1241 2217 Praeterea
1259 2177 1367 2215 nihil
1387 2177 1577 2216 vsitatius
1598 2185 1659 2216 est

326 2235 373 2273 :in
394 2240 497 2273 vett.
519 2234 641 2274 libris
668 2236 980 2287 permutatione
1002 2234 1255 2272 aoristorum
1282 2235 1463 2284 ληφθεὶς
1494 2240 1535 2271 et
1571 2235 1658 2273 λει-

328 2292 458 2341 φθεὶς
476 2296 554 2330 etc.
614 2290 727 2338 Quin
747 2291 874 2329 etiam
891 2289 1260 2330 Schurzfleischius
1285 2302 1325 2340 p.
1344 2289 1410 2327 43.
1437 2289 1581 2338 tradit,
1609 2289 1656 2326 in

328 2346 421 2386 cod.
441 2345 714 2385 Ambrosiano
733 2346 816 2398 legi
836 2348 1224 2399 παραλειφθεῖσαν.
1253 2344 1336 2382 Sed
1356 2344 1438 2383 hoc
1454 2358 1667 2397 perquam,
1724 2379 1731 2385 .

326 2401 500 2440 dubium
520 2402 627 2440 facit
646 2402 769 2440 Gudii
788 2401 1022 2460 diligentia,
1053 2402 1124 2453 qui
1139 2407 1299 2439 tantum
1329 2414 1408 2453 pro
1439 2414 1518 2449 σα,
1550 2400 1654 2439 vlti-

326 2470 397 2497 ma
416 2457 601 2508 syllaba,
629 2473 713 2499 σαν
745 2453 948 2509 scriptum
977 2471 1062 2496 esse
1093 2456 1362 2508 significauit⁴²
1399 2454 1447 2496 to*
1474 2457 1525 2495 H
1550 2469 1652 2494 vero

325 2513 444 2551 nulla
461 2519 561 2551 nota
583 2513 787 2551 distinxit.
846 2513 1128 2552 Veruntamen
1147 2512 1181 2550 si
1201 2512 1292 2564 quis
1311 2506 1534 2563 vulgatum
1541 2510 1654 2549 tueri

326 2568 467 2617 malit,
505 2582 675 2620 grauem
706 2568 874 2608 habebit
901 2569 986 2608 vili
1014 2568 1128 2607 docti
1151 2568 1443 2606 auctmitatem
1473 2567 1516 2604 in
1544 2565 1651 2605 Bibl.

325 2622 431 2663 crit.
456 2597 588 2662 'Amsn
609 2624 924 2673 v01.1.1’.111.‚
954 2621 1024 2677 qui
1055 2630 1271 2676 comparat
1305 2625 1397 2662 loca
1424 2622 1489 2671 31,
1512 2635 1547 2661 1.
1582 2626 1650 2663 ἐν-

328 2693 424 2734 αργ.
461 2682 752 2735 παρείληπται
788 2687 830 2721 et
876 2681 945 2732 38,
980 2682 1018 2721 4.
1057 2678 1486 2736 παραλαμβάνεσθαι
1510 2677 1649 2718 δοκεῖ.
1687 2711 1689 2715 .
