1752 3118
299 283 493 318 cxxxvr
560 263 1092 315 DISSERTATIO
1128 264 1447 313 CRITICA

297 392 495 447 maxime
517 389 636 446 vidit
656 406 756 437 esse
778 388 1034 437 tenendum
1050 425 1066 448 ,
1100 388 1247 454 idque
1271 389 1457 453 saepius
1485 404 1617 453 repe·

297 460 352 508 tit
383 456 772 513 eticommendat.
842 455 965 503 Nam
1001 455 1143 520 paulo
1183 471 1289 521 post
1316 456 1456 516 dicit,
1503 473 1625 520 poe--

298 527 431 574 triam
454 540 554 571 esse
574 523 775 586 δεινήν,
811 538 908 569 non
930 523 1087 570 solum
1105 522 1337 579 ἐκλέξαι,
1370 523 1453 570 sed
1479 523 1618 569 etiam

264 638 269 650 ,
298 594 368 649 εἰς
391 592 594 656 ἄλληλα
610 588 883 652 συνδῆσαι,
919 604 965 637 et
991 589 1031 651 ᾗ.
1057 591 1099 636 5.
1117 589 1230 638 item
1249 591 1435 637 illarum
1455 607 1618 636 rerum

299 663 395 724 τήν
425 660 496 715 εἰς
525 659 687 705 votvm)
717 655 1035 719 συναίρεσιν,
1070 670 1116 703 et
1155 675 1207 704 11
1229 693 1243 716 ,
1280 660 1322 704 5.
1354 675 1514 704 rursus
1547 657 1618 711 εἰς

298 724 523 788 ἑνότητα
581 721 830 777 σύνταξιν
885 738 1244 771 commemorat.
1328 722 1461 779 Quid
1507 723 1569 770 ita
1592 721 1618 767 '?

299 793 410 862 quia
433 792 530 840 hoc
556 807 582 837 e
599 790 808 856 partibus
833 789 1092 839 luculentis
1117 803 1492 855 coagmentatum
1516 806 1621 836 cor-

297 877 386 924 pus
415 858 573 907 animo
594 857 746 905 statim
772 856 1119 920 comprehendi
1136 871 1291 904 totum
1313 875 1410 906 non
1431 869 1589 921 potest
1604 891 1620 914 ,

298 941 439 990 atque
469 926 535 971 ita
560 923 806 972 hominem
837 938 1007 975 cuncta
1033 941 1318 988 pernoscere
1346 924 1622 989 cupientem

298 991 610 1040 admiratione
642 988 889 1054 percellit,
944 1005 1024 1038 aut
1053 991 1102 1037 in
1137 1005 1381 1055 stuporem
1413 989 1621 1037 coniicit.

297 1058 519 1106 Breuiter
542 1056 640 1103 hoc
662 1070 830 1103 auctor
852 1055 1082 1119 significat
1102 1057 1259 1105 verbis
1279 1057 1342 1119 τῇ
1361 1055 1620 1104 πυκνώσει

299 1123 623 1189 προςάγεται.
694 1120 885 1179 Quodsi
905 1123 998 1170 tale
1027 1123 1144 1188 quid
1169 1141 1253 1188 per
1279 1126 1440 1190 plures
1466 1123 1624 1187 perio-

300 1191 388 1240 dos
410 1191 606 1238 dilatare
630 1205 678 1238 et
697 1189 894 1254 copiose
916 1190 1103 1254 singula
1116 1190 1373 1256 λήμματα
1388 1190 1623 1253 explicare

297 1258 538 1317 volueris,
586 1258 727 1322 plane
759 1269 915 1304 totum
943 1257 1040 1305 hoc
1073 1258 1317 1305 sustuleris
1349 1256 1623 1308 artificium:

300 1339 346 1372 et
364 1325 533 1372 similis
559 1339 659 1372 tum
681 1324 742 1372 sit
763 1322 916 1371 oratio
940 1324 1000 1384 ei,
1036 1343 1178 1389 quam
1199 1341 1255 1374 ex
1273 1324 1626 1373 Isocrateorum

298 1393 486 1440 ratione
507 1391 799 1439 immutatam
822 1390 1033 1439 sectione
1054 1407 1129 1442 21·
1151 1392 1365 1456 legimus

401 1458 616 1506 Locutus
639 1476 745 1522 sum
768 1457 996 1509 hactenus
1021 1455 1081 1506 de
1102 1457 1391 1524 λημμάτων
1409 1458 1625 1515 &leram

299 1528 359 1574 τὸ
377 1521 691 1589 συναιρέσει,
725 1538 774 1571 vt
796 1522 855 1571 de
878 1540 929 1573 re
958 1542 1042 1590 per
1065 1542 1114 1572 se
1140 1526 1265 1572 clara
1287 1539 1333 1573 et
1353 1526 1621 1590 perspicua.

299 1592 398 1640 Sed
433 1606 559 1639 recte
594 1591 701 1656 quis
732 1591 872 1640 etiam
902 1609 1029 1639 nunc
1059 1606 1278 1656 quaerat,
1335 1593 1624 1656 quibusnam

298 1659 485 1722 legibus
532 1657 656 1706 illud
703 1658 837 1721 quasi
883 1675 1058 1722 corpus
1112 1659 1339 1724 componi
1387 1673 1622 1722 oporteat.

297 1724 535 1788 Equidem
552 1724 833 1774 breuitatem
848 1724 901 1770 in
917 1742 975 1773 eo
995 1725 1195 1772 maxime
1215 1724 1506 1788 sequendam
1523 1741 1624 1772 esse

299 1806 439 1856 puto,
465 1806 515 1839 vt
536 1791 808 1841 coniunctis.
826 1791 1009 1840 viribus
1032 1792 1182 1839 valeat
1204 1792 1455 1839 confertim
1480 1808 1624 1839 ruens

299 1859 381 1905 illa
401 1876 558 1906 rerum
581 1858 743 1922 copia,
777 1872 851 1917 et,
887 1859 1012 1906 sicut
1032 1859 1212 1906 animus
1237 1876 1332 1908 vno
1358 1857 1489 1906 dicto
1511 1859 1625 1905 sub-

300 1924 427 1988 limi,
475 1940 715 1991 tamquam
740 1925 968 1988 fulmine,
1004 1927 1291 1990 percutitur,
1337 1926 1401 1973 ita
1427 1925 1524 1972 hoc
1551 1942 1626 1972 re-

299 2010 405 2038 rum
428 1993 606 2055 globo,
641 2006 884 2056 tamquam
902 1992 1156 2057 grandine,
1192 1994 1397 2040 feriatur.
1431 1991 1626 2040 Nomen

300 2059 484 2107 artificii
505 2076 605 2106 non
626 2060 788 2123 posuit
807 2074 997 2110 auctor:
1035 2059 1120 2107 sed
1139 2060 1260 2108 nihil
1285 2057 1413 2109 aliud
1434 2058 1624 2106 videtur

303 2143 431 2186 esse,
467 2144 611 2191 quam
640 2138 795 2190 vgenus
822 2126 1222 2190 συναθροισμοῦ
1233 2146 1254 2186 ,-
1300 2127 1342 2173 si
1368 2125 1518 2173 modo
1547 2141 1625 2187 ge-

300 2211 414 2255 nus,
451 2211 505 2240 ac
530 2191 627 2240 non
653 2194 811 2258 potius
837 2194 939 2258 ipse
960 2195 1349 2258 συναθροισμός
1374 2192 1625 2240 artificiosa

298 2259 530 2307 breuitate
560 2275 707 2307 artem
739 2260 994 2309 occultanS.
1071 2260 1152 2308 Ad
1180 2261 1305 2308 hanc
1340 2259 1623 2324 opinionem

301 2324 484 2373 ducunt
505 2327 723 2391 exempla
742 2327 968 2377 subiecta.
1015 2326 1076 2374 In
1091 2327 1460 2392 συναθροισμῷ
1472 2360 1486 2382 ,
1520 2326 1622 2372 siue

300 2396 553 2456 congerie,
586 2411 685 2451 non
704 2394 953 2458 requirunt
972 2409 1127 2459 aptam
1144 2395 1274 2442 illam
1294 2393 1497 2459 partium
1520 2394 1626 2440 col-

300 2459 601 2521 ligationem,
639 2474 688 2509 vt
706 2459 830 2508 illud
856 2461 1015 2509 nescio
1038 2460 1172 2526 quod
1200 2480 1376 2526 corpus
1399 2459 1624 2507 membris

299 2524 495 2573 firmiter
519 2527 836 2592 compositum
864 2528 1071 2591 exsistat,
1107 2529 1193 2577 sed
1215 2543 1396 2577 tantum
1420 2527 1625 2574 breuita-

301 2607 395 2641 tem
425 2592 665 2642 dictorum
687 2607 733 2641 et
757 2593 1064 2655 densitatem,
1109 2611 1160 2644 vt
1181 2596 1315 2662 quasi
1335 2595 1533 2659 globum
1554 2595 1626 2652 fa-,

301 2661 426 2709 ciant
445 2661 768 2727 incomposito
789 2660 988 2727 quidem
1010 2664 1212 2728 agmine,
1241 2661 1327 2713 sed
1342 2675 1499 2710 tamen
1522 2679 1622 2727 gra-
