1758 3162
344 316 380 347 x
794 294 1258 347 PRAEFATIO

342 431 405 480 ad
425 449 576 480 vnum
596 448 762 480 omnes
783 432 875 482 viri
898 431 1058 493 docti,
1093 435 1181 498 qui
1204 432 1266 482 de
1290 433 1380 480 illo
1403 432 1574 481 codice
1595 433 1668 481 iu-

344 520 595 578 dicarunt,
630 521 870 571 eandem
858 541 909 568 m
931 536 1122 586 partem
1144 522 1317 569 statuit.

439 596 543 675 Ego
580 629 693 660 vero
718 612 770 658 in
802 611 942 659 aliam
971 610 1202 676 deinceps
1241 611 1478 660 rationem
1515 612 1670 661 dedu-

338 720 370 753 ,c
342 716 450 752 ctus
477 719 609 762 sum,
646 715 846 766 propter
871 719 1020 765 quam
1044 701 1205 748 minus
1230 720 1370 765 aegre
1393 704 1511 765 tuli,
1546 703 1670 751 mihi

338 791 512 857 plena,
547 810 672 856 quae
698 806 1006 856 optaucram,
1048 807 1272 857 excerpta
1298 810 1354 840 ex
1376 793 1466 840 illo
1495 791 1669 841 codice

339 898 440 928 non
468 881 735 943 contigisse.
787 880 1032 930 Nimirum
1053 882 1417 947 antiquissimus
1438 882 1525 928 ille
1552 880 1670 945 qui-

341 970 456 1018 dem
482 970 729 1026 omnium,
757 970 843 1035 qui
875 986 1153 1035 supersunt,
1189 963 1385 1021 videtur
1420 989 1546 1028 esse,
1582 970 1670 1018 sed

339 1077 442 1107 non
473 1045 589 1108 item
619 1060 725 1106 fons
752 1077 904 1119 Vnus,
939 1078 965 1108 e
996 1079 1098 1125 quo
1127 1062 1202 1109 illi
1232 1081 1403 1111 omnes
1426 1061 1670 1109 fluxerint.

336 1147 629 1214 Descriptus
651 1150 738 1198 ille
764 1150 928 1219 potius
953 1164 1023 1200 est
1048 1168 1105 1198 ex
1132 1151 1396 1215 antiquiori
1419 1152 1561 1199 etiam
1589 1167 1670 1197 co-

338 1237 472 1295 dice,
509 1257 666 1304 eoque
693 1239 942 1287 simillimo
975 1239 1140 1306 quoad
1167 1253 1411 1288 externam
1435 1241 1668 1301 formam,

339 1340 557 1377 ceterum
577 1328 750 1378 iisdem
772 1330 824 1376 in
850 1329 973 1377 locis
996 1329 1301 1395 totidemque
1324 1329 1455 1376 foliis
1478 1347 1668 1378 manco.

338 1418 578 1482 Sperabat
604 1433 762 1467 autem
796 1419 1050 1479 librarius,
1087 1419 1181 1465 sihi
1205 1418 1472 1483 aliquando
1494 1419 1670 1482 integri

340 1507 526 1555 codicis
551 1509 745 1573 copiam
765 1510 871 1556 fore
881 1545 898 1568 ,
936 1526 994 1556 ex
1017 1526 1118 1573 quo
1138 1509 1336 1556 lacunas
1362 1508 1572 1573 exempli
1594 1509 1670 1555 sui

340 1599 536 1662 explere
555 1613 729 1663 posset.
773 1599 947 1663 Itaque
966 1598 1082 1646 folia
1104 1597 1278 1646 iisdem
1298 1600 1531 1657 numeris,
1560 1597 1670 1662 qui-

338 1687 434 1735 bus
454 1688 506 1735 in
527 1689 793 1754 archetypo
815 1702 977 1736 notata
1000 1701 1160 1749 erant,
1196 1688 1406 1744 notauit,
1440 1689 1671 1753 spatium-

340 1796 441 1842 que
471 1778 655 1826 iustum
693 1778 921 1843 reliquit,
968 1796 1129 1843 neque
1166 1779 1414 1843 compingi
1450 1777 1668 1842 plagulas

338 1866 500 1925 iussit,
536 1887 636 1934 quo
663 1869 821 1935 aptius
853 1889 932 1929 ea,
980 1885 1104 1933 quae
1130 1866 1354 1927 deerant,
1388 1867 1535 1915 inseri
1558 1885 1670 1931 pos-

340 1972 461 2009 sent.
510 1958 626 2007 Non
641 1974 827 2012 temere
842 1960 941 2012 hoc
963 1959 1105 2016 finxi,
1139 1954 1227 2005 sed
1255 1954 1464 2004 rationes
1479 1971 1670 2004 senteu-

338 2048 431 2096 tiae
453 2060 589 2097 meae
613 2049 772 2098 habeo
799 2052 911 2101 sati-s
939 2066 1126 2114 graues*
1193 2045 1360 2093 Primo
1392 2046 1521 2095 enim
1544 2047 1672 2095 Secu

339 2154 384 2186 2.
432 2137 469 2200 ᾗ.
493 2143 537 2186 5.
562 2140 724 2192 verbis
744 2141 1007 2204 εὶῐτοιμεν,
1035 2138 1099 2195 ὦς
1122 2137 1157 2202 ἡ
1179 2137 1277 2198 μὲν
1312 2135 1487 2186 desinit
1513 2136 1564 2182 in
1591 2153 1672 2184 co-

339 2227 453 2276 dice
471 2229 560 2277 illo
579 2231 778 2279 vltimus
797 2248 963 2279 versus
990 2229 1098 2277 folii
1119 2233 1235 2289 ²179.
1261 2241 1332 2287 et,
1367 2241 1420 2274 vt
1442 2226 1670 2275 Pcarcius

271 2367 292 2392 ,ι
340 2318 614 2381 significat,
659 2320 917 2368 librarii
951 2337 1100 2367 manu
1130 2316 1434 2382 adscriptum
1468 2330 1536 2364 est
1571 2314 1671 2364 λεί-

341 2411 453 2456 nez:
487 2428 598 2456 nam
616 2410 741 2459 iufra
760 2412 888 2469 Sect.
912 2415 956 2458 8.
978 2424 1088 2475 post
1108 2426 1150 2457 v.
1177 2405 1546 2471 ἁδρεπίβολον,
1587 2404 1672 2454 vbi

343 2514 476 2544 noua
506 2499 680 2548 lacuna
703 2501 755 2547 in
778 2501 868 2550 illo
897 2499 1068 2548 codice
1093 2496 1294 2561 incipit,
1329 2494 1509 2545 diserte
1531 2510 1671 2544 testa-

342 2600 423 2634 tur
460 2591 807 2639 recentiori
837 2609 983 2639 manu
1012 2587 1314 2653 adscriptum
1345 2587 1547 2655 reperiri
1575 2583 1674 2633 asl-

343 2695 451 2736 πει,
476 2693 532 2726 ,et
566 2679 767 2743 Latine,
802 2684 979 2729 desunt
996 2681 1136 2740 folia
1171 2690 1290 2729 octo.
1361 2676 1463 2728 Sed
1496 2675 1671 2723 clarius
