1752 3118
422 257 703 302 LONGINI
736 256 969 298 FRAGM.
1004 258 1078 300 111.
1310 261 1390 302 163

66 376 234 426 dorus.
302 371 407 423 Nos
453 368 867 435 Hephaestionem
918 385 1175 436 sequentes
1221 390 1248 420 a
1293 373 1388 438 syl·

64 466 176 514 laba
225 461 499 512 ordiemur:
544 457 633 508 sed
675 478 826 524 pauca
869 460 1084 525 primum
1126 461 1387 525 praefanda

64 568 192 605 sunt.
261 549 420 600 Iudex
451 549 594 598 metri
630 562 700 597 est
732 566 900 597 sensus
934 548 1180 598 audiendi.
1250 549 1384 597 Non-

63 645 191 694 nulli
236 655 367 690 certe
410 641 480 688 sic
526 638 791 687 definiunt:
844 643 1068 688 Metram
1101 649 1174 687 est
1196 643 1388 703 pedum

62 735 147 783 vel
182 729 391 788 βάσεων
435 737 560 793 apta
593 731 876 792 compositio
889 765 903 790 ‚
948 748 1082 794 quae,
1119 747 1265 778 sensu
1298 747 1387 776 au-

61 822 232 870 diendi
266 821 558 882 percipitur.
629 817 825 876 Quodsi
871 819 1000 867 auris
1034 818 1246 879 iudicat,
1290 835 1386 866 vox

65 923 161 965 est,
208 925 332 973 quae
379 922 589 956 exornat.
656 907 727 955 Vt
773 907 900 956 enim
935 926 1029 957 vox
1064 926 1241 970 sonum
1281 925 1387 955 mo-

60 997 289 1046 ''dulatum
314 995 595 1062 producens
624 1012 671 1046 et
701 998 991 1046 contrahens
1025 997 1223 1064 syllabis
1251 1015 1386 1045 suam

64 1087 148 1135 dat
192 1087 430 1146 formam,
477 1087 546 1134 sic
581 1085 775 1134 auditus
813 1105 889 1135 eas
927 1087 1127 1135 auribus
1164 1100 1384 1151 exceptas

64 1175 311 1224 diiudicat.
388 1175 519 1222 Hinc
564 1176 646 1234 fit,
701 1189 751 1222 vt
795 1176 949 1223 multa
994 1189 1147 1224 metra
1192 1175 1383 1223 silentio

59 1265 321 1331 praeterita
366 1264 543 1313 lateant
585 1265 637 1311 in
683 1263 899 1330 pedestri
947 1265 1189 1326 oratione,
1239 1279 1385 1329 atque

65 1354 208 1402 etiam
242 1351 305 1400 ad
339 1353 431 1401 alia
464 1368 615 1402 metra
651 1352 953 1402 delabantur.
1008 1354 1094 1403 Sic
1129 1353 1264 1418 apud
1288 1353 1385 1402 De-

63 1442 371 1491 mosthenem
421 1457 661 1491 oratorem
701 1443 921 1492 inuenias
976 1443 1228 1491 occultum
1281 1461 1385 1491 ver-

64 1551 175 1580 sum
221 1530 514 1593 Heroicum,
576 1532 662 1596 qui
703 1547 959 1597 propterea
1005 1534 1164 1597 potuit
1207 1534 1382 1592 latere,

61 1622 180 1688 ‘quia
214 1620 548 1686 pronuntiatio
584 1619 646 1667 ad
668 1623 876 1669 solutam
902 1621 1170 1669 orationem
1194 1640 1385 1669 accom-

64 1704 256 1759 modata
313 1709 460 1757 simul
517 1727 630 1757 cum
686 1711 846 1759 verbis
890 1710 1114 1758 auditum
1161 1712 1387 1776 abripuit.

64 1799 203 1848 Dicit
248 1816 445 1864 nempe:
500 1803 604 1847 Τὸν
638 1803 738 1865 γάρ
773 1803 830 1848 ἐν
864 1800 1108 1865 Ἀμφίσσῃ
1144 1799 1390 1863 πόλεμον,

64 1888 133 1938 δι’
181 1885 241 1937 ὃν
275 1890 347 1945 εἰς
389 1876 661 1938 Ἐλάτε-ιαν
713 1905 799 1938 etc.
847 1889 936 1956 qui
971 1908 1138 1938 versus
1176 1906 1245 1939 est
1279 1891 1390 1940 Hc·-

67 1978 246 2026 roicus.
313 1977 415 2026 Sed
453 1992 500 2026 et
533 1978 762 2026 Ionicum
797 1994 892 2040 est,
928 1998 1040 2028 cum
1074 1980 1218 2028 dixit:
1253 1983 1390 2029 Host-

66 2067 170 2115 λῶν
205 2066 260 2114 δὲ·
293 2066 456 2128 λόγων
489 2071 586 2115 καὶ
627 2066 877 2133 θορύβου
913 2067 1223 2131 γιγνομένου
1266 2071 1389 2135 παρ’

71 2156 213 2218 ὑμῖν.
283 2156 378 2203 Hic
423 2157 552 2206 enim
596 2158 740 2223 plane
784 2157 980 2206 Ionicus
1029 2174 1098 2207 est
1131 2178 1157 2206 a
1191 2161 1388 2220 maiore,

70 2245 236 2293 similis
258 2245 358 2305 illi,
391 2245 770 2313 Εὗμορφοτὲρα
792 2248 1095 2297 Μνασιδίκα
1131 2250 1224 2306 τᾶς
1258 2235 1392 2298 εἶπά·

71 2336 168 2391 mg
207 2335 450 2398 Γυρίννω.
519 2336 792 2386 Metrorum
834 2354 950 2387 vero
999 2335 1062 2386 ad
1105 2339 1195 2386 alia
1241 2354 1392 2388 metra

75 2423 405 2472 delabentium
440 2427 659 2492 exempla
693 2427 924 2494 deinceps
967 2429 1233 2478 afferemus„
1287 2430 1393 2476 Dif-

73 2514 166 2562 fert
210 2529 369 2562 autem
414 2529 626 2564 metrum
673 2537 700 2566 a
733 2519 976 2587 rhythmo.
1047 2517 1169 2567 Nam
1208 2518 1392 2584 syllaba

78 2618 147 2652 cst
180 2618 448 2653 metrorum
480 2606 701 2671 materia,
748 2623 794 2658 et
825 2607 929 2656 sine
963 2609 1150 2676 syllaba
1182 2620 1393 2655 metrum

847 2694 956 2746 Lo

1419 562 1449 605 0]

1428 2435 1456 2478 <n
