1752 3118
245 267 540 325 sssc‘non.
570 279 735 321 xxvn.
756 279 854 334 §.a
876 278 921 340 4.
944 278 1127 319 xxvm.
1155 279 1261 334 §.·1,
1332 278 1414 332 367

95 407 167 439 aut
186 398 401 445 seruntur,
427 406 580 434 neruos
602 400 644 432 et
660 393 791 431 robur
809 392 979 435 habent.
1033 390 1143 443 Ergo
1163 392 1240 430 etsi
1258 391 1416 430 Demo-

93 456 259 493 sthenes
278 453 405 498 illud,
431 449 541 502 quod
562 449 768 496 iudicibus,
783 448 882 499 ipsis
907 452 1150 485 narraturus
1172 455 1275 494 erat,
1306 448 1416 486 omi..

92 511 193 548 sisse
221 509 408 554 videtur,
435 505 588 556 quippe
607 516 830 542 conuersus
850 503 986 542 statim
1011 506 1062 540 ad
1082 503 1417 554 Aristogitonem,

92 573 232 604 tamen
251 564 464 608 indirecte,
491 568 539 598 vt
557 561 725 608 dicunt,
755 560 844 597 siue
866 559 1033 609 obliqua
1050 558 1213 596 ratione
1234 572 1279 596 eo
1296 560 1416 597 vehe-

94 623 270 660 mentiae
288 617 390 657 illud
408 619 538 669 ipsum
557 618 747 669 expressit
768 615 1046 667 iudicibusque
1064 615 1304 653 inculcauit.

177 675 218 729 §.
242 675 293 714 4.
310 672 386 713 οὐκ
408 672 540 714 ἄλλως
557 672 586 721 ἠ
605 668 853 724 Πηνελόπη]
883 670 952 708 Sic
974 669 1121 709 scribe.
1171 671 1241 711 Ita
1259 684 1418 724 quoque

92 732 270 784 quuitur
297 730 502 780 Penelope.
559 725 682 773 Quod
712 732 755 764 et
778 725 908 764 Faber
938 725 1110 765 monuit.
1175 724 1245 763 Sic
1274 732 1418 764 noster

92 793 191 824 sect.
214 797 277 824 10.
303 783 378 824 οὐκ
400 781 532 825 ἄλλως
547 781 571 822 ὁ
589 780 842 846 Ἀρχίλοχος.
899 781 1018 820 Nihil
1038 780 1192 819 verius.
1226 779 1328 821 Mox
1345 794 1418 820 se..

91 842 233 892 quitur
253 838 427 879 Homeri
445 838 586 887 locus,
620 838 677 877 Οἵ
691 835 733 878 θ’
757 833 831 892 ἅμ’
859 835 1140 891 ἀγειρόμενοι.
1199 836 1283 874 Sed
1314 849 1418 876 vera

91 896 221 934 lectio
243 902 324 944 est,
353 896 410 935 Οἳ
426 891 535 948 θάμ’
566 891 845 948 ἀγειρόμενοι.
900 892 990 932 flue
1018 891 1204 958 respexit
1238 892 1273 930 Γ
1276 891 1419 931 heml-

91 952 192 990 stius
214 950 331 989 Orat.
349 949 495 988 XXIV.
509 962 562 1015 p.
583 949 677 987 301.
709 948 783 989 Ed.
803 948 933 987 Hard.
964 946 1047 997 Μη“
1077 942 1152 988 οὖν
1185 946 1237 997 δή
1260 952 1336 987 καὶ
1365 947 1424 988 ὑ-»
1478 952 1483 954 ’

91 1012 183 1062 μεῖς
203 1005 438 1060 ὑπερίδοιτε
458 1005 532 1045 τοῦ
549 1006 720 1052 ξενίζειν
740 999 1052 1056 ἐπιχειροῦντος
1077 1002 1129 1044 οὐ
1156 1004 1254 1045 λίαν
1284 1019 1418 1056 κεχα-

92 1066 310 1116 ρισμένοις
328 1063 501 1110 ξενίοις,
533 1059 627 1100 οὐδὲ
645 1058 852 1113 γοητεύειν
876 1059 1129 1114 δυναμένοις
1155 1075 1234 1104 τας
1265 1076 1417 1110 ακοας,

88 1119 251 1158 ΟΙΩΝ
289 1117 471 1157 ΘΑΜΛ
522 1117 893 1157 ΑΠΟΛΑΊῈΤΕ
931 1115 1420 1164 ΣΥΛΛΕΓΟΜΕΝΟῙ,

92 1178 167 1213 καὶ
185 1172 281 1216 τούς
299 1171 549 1224 ἑστιάτορας
575 1170 797 1222 ἀγαπᾶτε,
828 1166 894 1211 ὅτι
925 1169 992 1219 δη
1004 1170 1131 1218 δεξιοὶ
1150 1174 1226 1210 καὶ
1259 1171 1419 1223 φιλοίν-

91 1233 265 1281 θρωποι
288 1231 362 1267 καὶ
387 1225 439 1266 οὐ
457 1225 738 1293 σμικρολόγοι
757 1230 881 1270 ταῖς
869 1228 1203 1278 παρασκευαῖς·
1217 1227 1253 1265 Γ
1255 1241 1418 1267 ovmvs

93 1284 220 1323 Codd.
253 1283 353 1321 dant
383 1280 457 1322 οὐκ
492 1281 649 1330 ἄλλως,
676 1279 705 1330 ἢ
725 1280 993 1330 Πηνελόπην.
1050 1280 1135 1319 Sed
1163 1288 1280 1323 recte
1309 1283 1418 1321 scri-

90 1340 195 1378 bunt
222 1354 249 1387 η
286 1337 527 1387 Πηνελόπη.
593 1337 743 1375 Versus
781 1336 954 1375 Homeri
979 1343 1075 1375 sunt
1111 1349 1163 1375 ex
1187 1337 1284 1390 Ody
1285 1351 1335 1376 ss.
1362 1339 1417 1392 A,

91 1394 167 1434 681
194 1408 243 1432 ss.
285 1394 345 1432 De
369 1391 476 1449 θάμ
508 1399 550 1432 et
582 1388 701 1447 θ’ἅμ
728 1393 1003 1445 pronuntient
1028 1392 1114 1431 alii.
1170 1392 1273 1432 Mihi
1305 1393 1418 1434 illud

90 1450 281 1502 frigidius
304 1449 544 1498 videbatur,
574 1454 617 1487 et
644 1449 716 1487 vel
736 1461 758 1486 e
778 1462 876 1488 casu
905 1448 1062 1487 erroris
1080 1454 1245 1497 ortum,
1270 1449 1342 1488 vel
1364 1450 1416 1489 ab

91 1519 140 1543 eo
160 1506 396 1552 inuectum,
426 1505 495 1556 qui
518 1504 723 1555 particula
742 1518 785 1544 τε
804 1503 1096 1544 offenderetur.
1151 1504 1417 1546 Seruandum

89 1561 218 1613 igitm
237 1560 342 1600 duxi
361 1561 417 1600 Οἵ
433 1557 476 1600 θ
495 1556 568 1615 ἅμ’
588 1575 657 1614 ay.
677 1566 756 1599 etc.

513 1704 542 1744 S
569 1704 603 1746 E
634 1704 667 1744 C
694 1705 744 1745 Τ
800 1704 985 1746 XXVIII.

173 1787 215 1842 §-
244 1801 276 1829 1.
298 1790 393 1829 Καὶ
416 1789 563 1843 μέντοι
596 1789 874 1843 περίφρασις]
901 1788 1136 1837 Manutius,
1154 1791 1249 1831 Καὶ
1265 1792 1415 1856 μέντοι

89 1846 166 1885 καὶ
194 1844 222 1893 ἡ
243 1848 521 1898 περίᾳρασις,
549 1845 658 1897 quod
678 1845 826 1897 placet.
885 1847 1097 1885 Articulus
1116 1847 1228 1885 enim
1250 1847 1414 1887 deside-

88 1899 176 1939 rari
200 1900 380 1940 videtur.
437 1900 597 1939 Deinde
619 1901 720 1939 libri
741 1908 928 1951 veteres,
953 1902 1008 1946 (ὃς
1028 1901 1107 1954 οὑχ
1124 1902 1413 1967 ὑψηλοποιον,

90 1954 221 1998 οὐδεὶς
241 1954 319 2005 ἄν,
342 1957 481 2012 οἶμαι,
500 1954 742 1997 διστάσειεν.
780 1956 921 1996 Recte.
969 1958 1174 1996 particula
1204 1959 1313 1997 enim
1333 1973 1414 1998 ne..

90 2012 227 2063 gatiua
256 2013 415 2063 saepius
444 2015 646 2062 παρέλκει
674 2012 784 2064 apud
812 2013 1005 2052 Graecos.
1061 2012 1123 2052 Ita
1155 2014 1320 2053 locutus
1351 2021 1414 2055 est

88 2066 288 2105 Eusebius
320 2068 478 2111 Eccles
510 2068 613 2107 Hist.
646 2067 719 2106 lib.
741 2070 780 2108 8.
810 2082 851 2121 p.
876 2069 970 2110 401.
1005 2070 1084 2112 Τίς
1105 2068 1190 2108 δ”“
1158 2085 1214 2110 αν
1237 2085 1313 2119 την
1331 2070 1413 2113 τῶν

88 2120 296 2189 τοσούτων
312 2122 371 2163 διε
354 2122 624 2191 ερευνώμενος
643 2126 814 2172 αἰτίαν,
843 2125 1065 2170 ΔῙΣΤΑς,
1041 2124 1137 2166 ²⁷AI
1152 2127 1255 2166 ΜΗ
1271 2127 1420 2168 OYXI

90 2176 164 2218 τόν
184 2177 284 2218 καθ’
309 2178 429 2233 ἡμῶν
452 2179 637 2234 διωγμον
666 2177 1017 2238 ἅποφήνασθαι;
1060 2184 1162 2234 Quis·
1190 2189 1251 2220 est
1273 2197 1413 2236 porro,

89 2237 162 2288 qui
181 2249 272 2273 cum
290 2242 495 2275 tantorum
517 2237 711 2274 malorum
733 2251 899 2276 causam
916 2238 1199 2292 inquisiuerit,
1226 2240 1410 2289 affirma-

88 2305 132 2328 re
151 2290 326 2338 duthtet
351 2294 668 2343 persecutionem
686 2293 880 2332 aduersus
905 2306 979 2331 nos
997 2296 1246 2332 concitatam
1264 2294 1410 2334 horum

90 2349 269 2384 omn-ium
287 2347 448 2399 antem
482 2349 691 2387 extitisse?
739 2348 894 2388 Confer
929 2348 1055 2387 etiam
1082 2349 1409 2389 eruditissimum

84 2399 305 2439 Dukerum
337 2401 390 2439 ad
421 2401 611 2454 T.hucyd
640 2402 1083 2445 1.1o1.1'ov1=1vs>
1112 2404 1216 2443 Cum
1248 2405 1410 2445 codices

86 2463 181 2519 post
201 2458 347 2511 μέντοι
368 2457 467 2495 duas
490 2458 582 2496 illas
603 2471 746 2510 voces,
773 2463 850 2500 καὶ
866 2459 917 2515 ἦ,
944 2473 1027 2499 11011
1046 2460 1238 2511 habeant,
1270 2468 1311 2499 et
1332 2465 1410 2502 καὶ

86 2512 224 2550 minus
246 2513 546 2561 necessarium,
575 2514 677 2552 licet
696 2515 880 2568 elegans,
906 2516 1125 2567 videatur,
1149 2522 1408 2556 tantummo-

88 2566 140 2605 do
163 2569 384 2607 articulum
404 2569 546 2608 adieci.
602 2569 665 2608 De
684 2573 899 2624 negatione
931 2585 1026 2611 cum
1051 2573 1190 2611 verbis
1219 2572 1406 2622 timendi,

89 2622 307 2663 dubitandi
334 2631 375 2663 et
393 2625 636 2664 remouendi
661 2639 907 2680 quocunque
933 2628 1056 2667 modo
1087 2628 1177 2667 dixi
1206 2628 1251 2666 in
1283 2629 1406 2668 Pleo-

90 2683 240 2719 nasmc's
261 2683 429 2723 Graecis
460 2681 534 2722 sub
565 2683 680 2723 ΜΗ.
734 2682 798 2723 De
826 2697 875 2723 re
905 2684 1007 2738 ipsa
1024 2684 1139 2725 iuuat
1166 2681 1404 2723 adscribere
