1752 3118
320 299 403 352 IN
435 297 1129 352 FRONTE'LONGINI.
1298 322 1381 358 cu

66 430 187 478 nesti
218 441 487 485 exacuatur,
548 424 757 473 studium
788 425 1003 490 antiquae
1033 427 1375 490 suppellectilis

64 511 112 543 et
145 495 309 544 sedulo
338 491 692 558 conquirendae
725 506 772 539 et
793 506 921 540 recte
943 492 1274 556 intelligendae
1297 495 1375 542 in-

0 589 1 621 }
65 563 309 621 condatur,
343 559 673 622 fastidiumque
693 558 860 606 harum
880 559 1256 623 quotidianarum
1277 561 1374 608 for-

0 629 1 634 ’
66 647 271 689 marum,
308 644 422 691 quas
452 639 638 673 nostrae
667 626 827 676 aetatis
858 626 999 685 belli,
1034 644 1155 691 quos
1175 641 1372 689 vocant,

0 701 1 716 ¹
63 695 278 745 homines
299 694 646 751 exosculantur,
681 693 829 756 magis
850 693 1092 758 magisque
1118 694 1375 758 creetur*).

165 761 299 817 Quid
321 759 502 808 multa?
535 758 656 806 Cum
681 760 850 823 egisses
876 775 1063 807 mecum
1085 777 1169 825 per
1195 760 1371 823 literas,

64 827 323 876 indicarem
345 827 459 874 Tibi
491 827 690 891 figuram
719 826 926 890 aliquam
950 843 1005 874 ex
1027 827 1297 893 antiquitate
1319 830 1378 875 fi-

64 909 226 959 gurata
249 893 462 952 ductam,
505 893 701 941 minoris
725 893 940 954 moduli,
975 911 1099 958 quae
1127 912 1153 941 a
1184 894 1376 942 chalco*

23 1010 28 1015 ,
64 962 245 1026 grapho
267 962 649 1015 tabellaexaeneae
668 959 901 1025 insculpta
922 960 1157 1025 tituloque
1170 961 1376 1025 Longini

63 1028 159 1076 Tui
189 1027 336 1076 indita
360 1029 508 1096 prima
533 1029 689 1075 fronte
721 1028 878 1075 statim
910 1027 1120 1076 alliceret
1141 1029 1376 1089 lectores3

63 1095 218 1143 facere
240 1113 337 1151 non
360 1095 518 1159 potui,
555 1094 672 1159 quin
695 1095 913 1159 precibus
936 1108 1028 1142 tarn
1054 1095 1266 1143 honestis
1292 1095 1377 1142 ob-

61 1174 158 1209 tem
164 1161 421 1226 perandum
432 1178 535 1209 esse
551 1174 694 1219 ratUS,
715 1175 1023 1208 monstrarem
1032 1164 1203 1225 figuras
1220 1161 1378 1226 operis

64 1227 343 1293 anaglyphi,
388 1226 527 1292 quod
546 1239 688 1274 exstat
711 1227 758 1273 in
783 1227 1013 1275 thestxuris
1037 1245 1238 1292 operum
1262 1228 1382 1275 anti-

63 1299 268 1359 quorum
284 1332 298 1356 ‚
333 1312 455 1360 quae
476 1310 610 1341 nunc
639 1292 854 1350 Lutetiae
879 1293 1163 1342 Parisiorum
1191 1310 1380 1341 seruan-

61 1376 151 1411 tur.
203 1361 310 1423 Tu,
342 1359 475 1426 quod
509 1362 557 1407 in
581 1359 743 1423 Opere
771 1360 924 1408 statim
955 1360 1216 1410 indicando
1242 1360 1381 1407 facile

61 1430 329 1494 repereras,
388 1427 622 1475 tradidisti
663 1429 928 1481 Solanon-io
964 1443 1155 1488 nostro,
1205 1427 1383 1492 picto-ri

62 1495 123 1544 Li
130 1496 299 1561 psiensi
313 1496 338 1553 ,‘
359 1495 518 1543 multis
538 1493 809 1541 nominibus
830 1494 950 1542 mihi
979 1501 1176 1559 quoque
1197 1493 1384 1541 carissi-⁴·

63 1581 173 1618 mo,
209 1562 294 1626 qui
322 1560 571 1624 diligenter
603 1560 866 1616 elaboraret
891 1561 940 1607 in
971 1578 1054 1623 eo,
1091 1575 1140 1608 vt
1163 1572 1380 1614 accurate

62 1629 365 1691 transscripto
392 1642 440 1675 et
462 1628 623 1674 honor
649 1643 763 1673 suus
787 1631 1025 1674 constaret
1049 1641 1095 1676 et
1119 1628 1303 1675 veritas.

161 1696 410 1759 Superest,
453 1707 502 1742 vt
531 1692 581 1740 in
613 1692 846 1740 lectorum
872 1693 1097 1756 gratiam,
1142 1693 1224 1758 qui
1256 1694 1380 1742 forte

62 1762 147 1811 has
178 1779 324 1824 nugas
356 1777 454 1810 esse
486 1758 666 1824 aliquid
702 1774 889 1824 putent,
924 1761 1086 1826 paucis
1119 1777 1349 1824 exponam
1360 1769 1382 1819 ‚‘

63 1830 186 1881 vnde
208 1831 502 1896 profectum,
537 1826 654 1893 quid
675 1827 903 1889 significet
921 1828 1017 1888 hoc
1036 1827 1384 1896 qualecunque*

65 1896 205 1962 quod
246 1896 372 1955 aere
397 1894 668 1961 expressum
709 1893 929 1944 videmus
971 1895 1022 1943 in
1050 1892 1210 1954 fronte
1240 1894 1385 1954 libl‘i.‚‘

63 1964 444 2025 Monumentum.
526 1962 583 2010 In
612 1961 725 2009 villa
758 1963 1063 2022 suburbana,
1091 1979 1229 2025 quam
1265 1960 1384 2007 anti-

67 2034 175 2097 quis
199 2031 308 2079 artis
342 2030 564 2095 operibus
587 2027 796 2093 Vndique
817 2029 1093 2094 conquisitis
1114 2042 1161 2075 et
1181 2027 1386 2082 coemtis

113 2175 141 2217 ¹¹)
166 2175 343 2207 Habemus
361 2175 569 2217 exemplum
588 2172 727 2217 Heynii
739 2197 749 2212 ,
773 2178 842 2208 viri
864 2177 901 2207 in
921 2175 987 2207 hoc
1009 2184 1135 2218 genere
1160 2173 1261 2205 facile
1278 2172 1386 2215 prin-'

69 2223 177 2262 cipis,
204 2222 263 2261 qui
285 2222 319 2252 'm
342 2219 495 2262 parergis
515 2219 825 2261 chalcographicis‚
845 2220 1011 2258 Tibullo,
1025 2219 1206 2260 Virgilio,
1228 2217 1383 2262 Homero

71 2265 234 2303 adiectis,
265 2266 459 2306 exingenti
482 2266 604 2306 copia,
631 2275 719 2305 quae
740 2272 959 2307 suppeteret,
985 2275 1023 2295 ea
1045 2263 1184 2304 selegit,
1216 2258 1383 2304 quaevel

69 2311 161 2341 lueis
188 2308 323 2350 aliquid
358 2307 577 2340 all'underent
604 2309 851 2350 compluribus
882 2316 1068 2340 auctorum
1098 2307 1247 2338 illorum
1269 2305 1383 2342 loeis,

71 2355 127 2386 vel
158 2361 249 2384 certe
276 2353 320 2384 ab
341 2354 502 2384 miuerso
521 2352 627 2392 libri,
659 2363 766 2394 quem
791 2360 978 2391 ornarent,
1011 2359 1220 2392 argumento
1248 2359 1382 2390 parum

74 2397 314 2430 abhorrerent.
362 2396 431 2428 Sed
455 2396 615 2429 addenda
639 2406 688 2429 est
715 2397 902 2429 commoda
925 2404 959 2427 et
981 2398 1154 2428 succincta
1178 2394 1383 2436 explicati03

71 2451 124 2480 vt,
147 2441 234 2483 quid
258 2441 324 2472 sibi
346 2442 431 2473 velit
450 2443 560 2483 figura
584 2452 660 2473 aerc
683 2443 866 2485 exscripta,
890 2441 981 2472 vnde
1002 2441 1109 2482 petita
1129 2439 1197 2471 huc
1209 2438 1382 2480 perueness·

72 2490 133 2523 rit,
159 2485 313 2517 dilucide
329 2493 454 2527 pateat.
480 2486 621 2517 lnficeta
642 2495 778 2526 autem,
795 2498 838 2518 ne
860 2485 977 2518 dicam
999 2487 1134 2526 inepta,
1151 2491 1201 2515 est
1221 2482 1312 2514 ratio
1327 2481 1382 2512 li-

73 2532 280 2564 brariorum
309 2531 422 2562 titulis
447 2530 624 2562 librorum
656 2542 804 2565 suorum
828 2538 1035 2563 ornamenta
1064 2530 1295 2568 nescioquae
1324 2535 1385 2555 ³⁸-

74 2577 263 2607 suentium.
289 2572 519 2606 'ri-amnium
540 2573 606 2606 hoc
625 2583 658 2606 et
678 2577 741 2609 vsu*
760 2583 998 2618 propagatum
1019 2573 1062 2604 ab
1085 2574 1126 2603 iis
1147 2569 1384 2613 temporibus,'

77 2621 204 2661 quibus
249 2620 390 2651 librarii
437 2619 678 2652 voluminibus
698 2644 709 2660 ,
770 2631 860 2663 quae
904 2620 1041 2651 calamo
1089 2617 1350 2658 ascripsissent
1371 2634 1384 2651 ,

77 2666 244 2696 flexuosas
271 2666 500 2706 appingercnt
520 2664 707 2697 literarum
730 2665 913 2706 ambages,
945 2663 1039 2695 soliis
1060 2662 1250 2698 arborum,
1276 2667 1383 2700 pam-

80 2711 248 2752 pinorum
269 2709 433 2752 inprimis
460 2709 615 2748 innexis,
640 2709 731 2743 vnde
751 2721 882 2744 nomen
903 2709 1124 2742 vineolarum
1142 2699 1388 2748 (Vignettes).
