1752 3118
272 237 556 282 LONGINI
594 236 676 276 DE
715 238 884 279 SVBL.
921 239 1101 284 SECT.
1135 245 1207 285 lx.
1334 247 1388 287 33

78 356 253 421 potuit,
286 354 337 402 in
359 352 476 402 deos
497 351 705 400 arbitror
723 366 946 414 mutato-⁶1,
984 353 1203 419 deosque
1224 358 1274 403 in
1298 357 1388 406 ho-

79 456 246 504 mines.
316 452 463 511 Quid·
487 453 624 519 quod
653 454 793 502 nobis
832 454 1016 502 miseris
1049 465 1205 517 mors,
1240 458 1411 509 malo-2

79 575 190 604 rum
220 568 410 625 portus,
445 569 631 603 seruata
667 569 750 615 est,
788 566 899 602 cum
935 554 1140 603 deorum
1174 573 1274 603 non
1308 574 1389 604 na-

78 670 186 704 tura
221 655 398 717 modo,
435 654 521 704 sed
566 656 751 704 miseria
811 674 1013 722 quoque
1076 640 1211 704 iiixta
1245 644 1388 705 illum

78 771 269 805 aeterna
312 757 385 806 sit.
463 757 624 806 Multo
666 758 750 814 illa
795 757 997 806 meliora
1040 777 1187 824 quam
1229 750 1391 825 pogna
1428 770 1455 814 8

83 858 312 921 deorum,
347 877 469 925 quae
504 877 616 908 vere
651 878 879 923 magnum
916 874 962 908 et
995 878 1178 924 purum
1211 879 1393 911 numen

40 998 44 1002 .
84 959 390 1022 describunt,
424 976 474 1010 vt
508 961 592 1009 illa
637 960 699 1010 de
743 961 1002 1026 Neptuno,
1041 961 1100 1008 in
1146 980 1246 1026 quo
1282 963 1393 1011 loeo
1462 968 1468 973 ‘

83 1062 223 1108 multi
258 1076 366 1110 ante
386 1080 463 1110 me
487 1062 659 1110 versati
693 1076 830 1111 sunt:
865 1066 1128 1112 Tremuere
1147 1066 1239 1111 alti
1262 1081 1396 1113 mon-

82 1171 168 1222 tes,
204 1171 253 1210 et
281 1165 425 1223 silua,
460 1172 507 1210 et
539 1165 675 1224 iuga,
702 1173 756 1209 *et
791 1165 973 1210 Troum
997 1164 1128 1219 urbs,
1165 1171 1212 1209 et
1244 1180 1398 1211 naues

87 1265 419 1325 Graecorum,
487 1262 574 1309 sub
624 1263 838 1326 pedibus
892 1265 1073 1310 diuini-s
1135 1265 1400 1310 incedentis

81 1368 314 1428 Neptuni.
382 1365 459 1411 Eo
484 1381 584 1426 pet·
602 1365 791 1423 fluctus
824 1372 982 1420 vecto,
1028 1364 1195 1411 subtus
1231 1364 1407 1430 balat*

84 1463 180 1514 nae
214 1468 427 1530 vndique
460 1478 492 1532 ρ’
519 1464 756 1527 specubus
780 1464 1088 1526 prosiluere,
1123 1481 1241 1526 rege
1260 1467 1401 1527 agni·

83 1577 134 1614 to
147 1604 157 1622 ,
207 1566 651 1629 laetabundumque
687 1582 826 1611 mare
858 1565 1088 1612 discessit.
1156 1568 1260 1614 Sed
1291 1566 1404 1629 equi

42 1707 43 1711 ,
82 1666 325 1715 volabant.
393 1664 524 1728 Ergo
561 1679 607 1712 et
652 1662 946 1728 Iudaeorum
987 1664 1255 1727 legislator,
1302 1683 1402 1712 non
1438 1680 1468 1726 9

44 1788 47 1792 ·
86 1766 471 1817 contemnendus
516 1766 748 1830 scriptor,
810 1782 922 1811 cum
966 1764 1178 1812 numinis
1220 1779 1403 1830 poten—

83 1870 199 1917 tiam
233 1869 389 1915 animo
427 1865 575 1929 digne
612 1864 896 1931 complexus
917 1870 1080 1926 esset,
1125 1884 1229 1914 eam
1265 1868 1406 1914 etiam

42 1972 46 1978 ’
87 1970 244 2017 statim
277 1971 329 2016 in
363 1967 500 2015 initio
537 1967 702 2030 legum
738 1966 814 2013 his
850 1966 1011 2014 verbis
1039 1964 1402 2015 demonstrauit.

81 2072 233 2120 'Dixit
265 2074 422 2127 Deus,
456 2067 626 2133 inquit.
687 2065 821 2123 Quid
834 2064 858 2110 ’.Ρ
894 2069 1012 2115 Fiat
1044 2070 1143 2126 lux,
1190 2077 1237 2115 et
1255 2071 1407 2130 facta

88 2183 171 2220 est.
249 2175 366 2221 Fiat
408 2180 569 2229 terra,
612 2179 659 2217 et
688 2172 840 2232 facta
883 2177 970 2215 est.
1050 2166 1165 2215 Non
1209 2169 1471 2219 fortasselo

88 2273 320 2320 molestus
354 2272 443 2319 tibi
478 2268 670 2334 videar,
706 2266 1019 2329 Terentiane,
1051 2268 1090 2315 si
1127 2284 1274 2316 vnum
1306 2248 1416 2342 Hoss

88 2374 209 2421 meri
243 2373 411 2420 locum
433 2391 489 2422 ex
527 2391 584 2422 eo
610 2391 800 2439 genere,
838 2389 939 2438 quo
975 2369 1196 2418 homines
1222 2383 1409 2432 tractat,

66 2473 358 2539 ¹adponam,
412 2488 463 2522 vt
488 2537 494 2539 ,
515 2474 776 2537 intelligas,
833 2490 932 2538 quo
989 2470 1138 2520 modo
1190 2470 1410 2518 comitari

86 2573 258 2624 heroas
296 2574 358 2622 ad
386 2592 554 2639 magna
587 2575 709 2624 facta
743 2576 906 2624 soleat.
993 2572 1212 2636 Caligine
1237 2590 1408 2639 repen-

1141 2659 1180 2705 C
