1752 3118
85 302 90 305 ,
159 259 449 301 LONGINI
478 256 558 302 DE
601 255 768 298 szL.
805 256 1208 303 sEC‘lssxxxlv.
1268 260 1274 264 ’
1313 271 1391 304 ιπ

74 392 270 430 corum,
312 370 399 421 sed
433 369 495 417 ad
526 386 698 417 manus
730 370 899 434 posita.
978 369 1251 422 Extenuare
1286 386 1393 422 rem

75 462 286 513 dicendo
332 458 575 525 aptissime
619 472 803 523 potest3
853 460 1068 507 multum
1115 462 1240 510 inest
1284 462 1394 510 salis

74 552 277 617 eomiei3
331 549 471 596 lusus
522 546 627 610 eius
671 562 800 596 certe
833 563 1089 614 pungunt,
1137 569 1229 599 nec
1265 551 1392 608 licet,

74 655 128 689 vt
156 657 269 690 vere
305 637 494 701 dicam,
529 637 750 703 leporem
785 637 889 686 eius
906 637 1150 690 imitando
1176 640 1394 707 adsequi.

73 729 227 779 Natus
261 727 457 777 videtur
491 726 555 776 ad
588 726 945 788 miserandum,
1004 731 1277 779 vberrimus
1326 746 1397 780 est

75 818 138 868 ad
177 816 527 877 fabulandum,
584 831 631 866 et
675 818 728 864 in'
763 818 894 867 flexu
930 836 1101 867 cursus
1135 819 1300 868 adhuc
1332 821 1399 869 ita

73 908 286 973 integer,
332 920 385 955 vt
418 906 634 955 molliter
669 907 854 972 spirans
888 906 1030 957 finire
1067 927 1263 957 cursum
1287 928 1401 976 pos·-

75 997 150 1045 sit.
235 996 312 1045 Ac
345 996 569 1062 profecto
613 994 811 1043 libellus
856 995 919 1044 de
967 995 1152 1047 Latona
1197 999 1400 1056 carmini

76 1085 308 1149 similior,
345 1102 393 1136 et
424 1083 641 1154 funebris
666 1085 819 1148 oratio
838 1084 902 1133 ita
921 1084 982 1134 ad
998 1111 1000 1114 ·
1016 1087 1199 1150 ingenii
1234 1103 1400 1138 osten-

76 1176 306 1225 tationem
334 1175 529 1240 ¹scripta
564 1188 670 1235 est,
721 1187 773 1220 vt
816 1191 1117 1239 quemquam
1154 1176 1197 1223 ei
1231 1194 1400 1240 parem

79 1283 180 1315 esse
216 1263 453 1312 dubitem.
523 1264 706 1312 Contra
731 1261 1090 1313 Demosthenes
1112 1281 1274 1313 mores
1298 1284 1399 1317 non

1434 1274 1465 1318 Q]

79 1353 334 1420 exprimit,
393 1352 647 1413 adstrictus
682 1367 779 1416 εει)
822 1370 923 1402 non
957 1352 1143 1416 mollis,
1193 1372 1292 1403 non
1328 1357 1402 1415 in-

77 1444 205 1507 genii
239 1450 527 1506 ostentator,
587 1460 857 1508 eorumque
891 1440 1138 1504 omnium,
1194 1442 1257 1492 de
1292 1432 1404 1510 qui}

76 1533 172 1592 bus
206 1546 314 1580 ante
349 1531 481 1593 dixi,
514 1532 772 1587 maximam
805 1548 991 1598 partem
1028 1550 1210 1597 expers.
1298 1520 1415 1584 Vbi*

79 1622 229 1670 risum
265 1635 312 1669 et
345 1620 482 1669 iocos
517 1621 748 1684 molitur,
783 1639 892 1686 non*
918 1636 1016 1670 tam
1037 1622 1188 1670 risum
1217 1624 1403 1682 mouet,

81 1729 227 1778 quam
268 1709 388 1757 risui
432 1726 483 1759 se
529 1711 751 1776 exponit:
809 1709 894 1759 vbi
927 1726 1044 1760 vero
1076 1712 1262 1759 facetus
1296 1712 1404 1761 'esse

79 1801 212 1862 vult,
259 1799 451 1863 longius
484 1818 518 1847 a·
545 1798 716 1865 lepore
750 1799 949 1849 recedit.
1018 1799 1244 1864 [Quodsi
1287 1819 1406 1860 nar—7

81 1890 316 1938 rationem
360 1887 423 1938 de
468 1887 686 1955 Phrygia>
716 1904 800 1938 aut
831 1889 1152 1954 Athenogene
1187 1891 1404 1940 scribere

83 1977 414 2034 sustinuisset,
468 1977 626 2026 multo
670 1979 817 2043 magis
863 1978 1057 2028 videtur
1099 1979 1406 2047 Hyperidem

86 2065 512 2116 commendaturus
545 2066 733 2126 fuisse-J
802 2066 904 2116 Sed
938 2069 1174 2135 quoniam
1207 2072 1405 2120 alterius
1440 2074 1476 2125 4'

82 2155 244 2223 hona,
278 2156 501 2222 quamuis
535 2155 714 2220 multa,
756 2170 918 2207 tamen
950 2158 1286 2224 magnitudine
1330 2179 1408 2211 ca-

85 2263 219 2306 rere,
253 2258 300 2293 et
332 2246 484 2294 sobrii
506 2254 684 2309 pectus
720 2264 821 2296 esse
853 2247 1114 2314 videntur,
1154 2250 1220 2299 ita
1253 2269 1406 2318 porro

84 2335 214 2382 lenta
250 2348 390 2394 sunt,
427 2348 480 2381 vt
512 2333 786 2385 auditorem
821 2356 922 2387 non
959 2340 1198 2403 excitent,
1228 2341 1405 2406 (nemo

88 2423 244 2480 enim,
281 2422 369 2487 qui
404 2421 710 2488 Hyperidem
744 2418 895 2491 legitf
921 2429 1258 2495 cohorreSCit)
1286 2430 1408 2478 alter

85 2528 201 2559 vero
247 2527 362 2558 mox
415 2508 622 2583 adripit..
651 2516 1031 2580 magnitudinem
1074 2520 1254 2585 ingenii
1299 2538 1418 2585 per-n

86 2599 331 2665 sectasque
393 2600 626 2664 virtutes,
686 2605 1041 2676 vehementiam
1085 2609 1420 2667 sublimitatis,
