1758 3162
361 357 430 388 xx
482 388 486 393 ,
703 297 705 299 ’
822 319 1287 383 PRAEFATIO

365 492 587 541 pressum
631 484 746 520 cum
786 472 903 520 vitio
944 471 1055 519 folt.
1091 471 1255 536 aliquo
1291 473 1695 541 typographico):

307 572 313 579 “’
366 566 582 623 „huius,
618 577 669 611 vt
691 561 1042 628 progreditur,
1067 561 1130 609 ita
1150 561 1384 627 deinceps
1405 581 1532 611 noua
1557 566 1698 612 vesti-

366 656 441 719 gia
475 651 830 719 deprehendit,
874 653 1044 700 lecum
1076 636 1218 700 etiam
1245 652 1337 699 sub
1373 652 1582 718 Longini
1612 672 1699 702 no-

363 745 497 793 mine
523 743 847 791 memoratum
876 743 936 789 ab
964 740 1150 790 i'ne'dito
1181 757 1557 791 commentatore
1589 743 1674 790 Αι
1650 763 1699 791 1-

367 834 501 883 sud1s
514 869 528 891 ,
570 830 752 880 Ioanne
785 831 1036 880 Siceliota:
1074 832 1270 880 nullum
1304 850 1454 898 porro
1487 832 1697 880 dubium

366 924 759 992 relinquebatur,
796 923 914 987 quin
936 921 1058 970 haec
1087 936 1208 970 esset
1231 942 1341 988 pars
1369 922 1431 970 de
1454 923 1698 972 inuentio-

365 1034 425 1062 ne
465 1032 490 1062 e
517 1011 709 1078 perdito
746 1000 961 1075 Longini
995 1012 1143 1076 opere
1181 1011 1243 1060 de
1278 1011 1398 1061 Arte
1436 1012 1696 1062 rhetorica.

365 1097 435 1152 Vt
464 1095 611 1158 vidit,
640 1097 723 1149 ¹ita
755 1098 1277 1148 ad'Hemsterhusium
1310 1120 1454 1149 suum
1486 1102 1696 1161 volauit,

367 1179 590 1242 nontam
623 1191 722 1239 eius
748 1181 992 1237 iudicium
1017 1181 1353 1255 exploraturus
1370 1228 1385 1254 ‚
1422 1211 1570 1259 quam
1592 1209 1698 1240 rem

367 1303 422 1334 ex
427 1283 677 1349 plo'r'atam'
696 1279 1031 1328 nunciaturus.
1100 1278 1203 1326 Hic
1226 1279 1344 1328 item
1371 1295 1421 1328 vt
1445 1281 1602 1330 audiit
1626 1283 1698 1330 lo-

368 1370 586 1438 eumque
617 1370 847 1435 inspexit,
885 1371 951 1417 ita
982 1369 1190 1417 rationes
1212 1369 1494 1419 Ruhnkenii
1520 1373 1699 1437 proba-

364 1464 463 1523 vit,
501 1478 715 1525 eumque
743 1459 966 1518 monuit,
1001 1473 1053 1506 vt
1088 1458 1236 1506 huius
1268 1460 1565 1509 inuentionis
1596 1463 1700 1510 lau-

366 1553 480 1602 dem
507 1550 600 1598 sibi
632 1548 923 1611 vindicaret,
959 1547 1209 1595 mentione
1239 1549 1342 1597 eius
1370 1569 1425 1598 ac
1450 1551 1618 1599 notitia
1644 1552 1699 1600 in

364 1642 534 1690 Diario
593 1623 921 1688 e'r'uditorum‘
958 1637 1153 1687 Gallico
1209 1637 1478 1702 prodenda.
1560 1640 1705 1689 Fecit·

364 1729 708 1779 Ruhnkenius.
744 1729 998 1777 Libellum
1020 1745 1170 1794 porro
1199 1745 1315 1774 cum
1340 1729 1535 1795 scriptis
1562 1730 1697 1779 codi-

368 1822 508 1870 cibus
534 1820 768 1880 eontulit‚
806 1817 1086 1867 emendauit
1102 1854 1115 1878 ‚
1142 1807 1198 1866 'et
1217 1817 1279 1865 ad
1301 1814 1570 1869 editionem
1597 1822 1697 1869 fere

363 1925 589 1977 paratum
609 1909 810 1976 reliquit
827 1893 1083 1957 morienffl'
1119 1909 1201 1965 Et,
1235 1926 1297 1956 ne
1317 1908 1416 1956 hoc
1439 1910 1591 1974 fugiat
1612 1909 1698 1958 ha·-

366 1998 478 2049 rum
501 2001 775 2049 litterarum
799 1997 1071 2059 studiosos,
1092 1983 1193 2046 'hic
1224 2013 1294 2046 est
1328 1998 1412 2046 ille
1433 2002 1625 2048 Rhetor
1650 2015 1699 2049 et
1754 2021 1758 2024 ·

364 2072 656 2154 Longinam,
702 2108 854 2155 quem
889 2090 1177 2156 simpliciter
1208 2088 1283 2136 his
1314 2088 1597 2137 nominibus
1634 2091 1696 2138 si·

365 2181 617 2246 gnificauit
646 2179 752 2228 aliis
779 2178 1001 2228 deinde
989 2197 1040 2227 1n
1068 2178 1286 2245 sciiptis,
1323 2178 1526 2226 maxime
1553 2180 1603 2226 in
1626 2181 1694 2228 al·
1755 2215 1758 2219 -

366 2285 467 2319 tera
489 2251 680 2318 Timaei
706 2269 965 2318 editione.“
1032 2259 1280 2318 Continuo
1318 2285 1406 2332 ego
1442 2268 1517 2316 his
1554 2271 1692 2318 lectis
1756 2282 1758 2284 ’

358 2359 580 2409 diarium
619 2359 747 2407 illud
783 2358 1055 2419 Gallicum,
1110 2358 1248 2426 quod
1282 2363 1329 2408 le
1360 2361 1580 2408 Journal
1609 2365 1696 2408 des
1753 2405 1755 2427 ἕ

347 2454 564 2500 -Savans
599 2467 698 2498 esse
724 2450 1276 2516 putabamsreq'uisiui,
1315 2465 1362 2498 et
1385 2448 1548 2497 amicis
1582 2449 1691 2497 fidis
1751 2458 1753 2486 ἰ

369 2554 415 2588 et
443 2538 633 2587 indusn
638 2539 692 2586 iis
723 2541 972 2605 negotium
1004 2540 1168 2602 dedi,
1186 2556 1235 2590 vt
1268 2539 1524 2605 diligenter
1553 2540 1692 2587 volu-
1743 2545 1751 2562 s

367 2628 497 2702 mina
518 2629 642 2690 eius,
665 2630 976 2697 maximeque
998 2633 1132 2680 annis
1157 2634 1332 2694 1765..
1345 2632 1511 2693 ‚1766
1526 2628 1606 2675 vul
1613 2647 1690 2693 “aa

366 2732 438 2780 ta,
480 2719 747 2785 perlust1a1
752 2734 856 2782 ent,
900 2721 1118 2789 mihique
1153 2721 1447 2783 indicment,
1496 2719 1535 2768 si
1563 2718 1688 2786 quid
