1752 3118
446 265 744 307 SECTION.
775 259 844 306 ΙΙΙ.
883 266 923 319 §-
952 278 985 305 1.
1007 279 1046 305 2.
1337 267 1420 308 235

89 382 160 421 vbi
182 381 413 432 interprete
436 379 593 418 Galeno
618 377 667 415 T.
685 376 772 416 XII.
792 391 832 429 p.
863 389 924 429 19,
954 389 1007 416 20
1028 377 1109 415 hoc
1129 385 1276 426 vocnt,
1314 374 1422 420 ὅταν

91 436 200 488 πρός
231 437 387 484 ταύτην
416 436 708 488 ἐστραμμένον
741 429 771 481 ἦ
799 431 848 473 τό
866 431 1181 486 χαριζόμενον·
1219 433 1338 481 illud,
1373 433 1422 474 m*

87 491 231 546 βραχύ
262 492 684 544 παρακεκλιμένον.“
721 478 808 527 Hoc
835 489 1059 527 discrimen
1082 488 1321 526 sinedubio
1342 504 1420 528 vc-

90 562 185 587 rum
211 554 293 594 est,
327 546 400 584 vbi
426 545 502 583 illa
534 545 647 582 clare
677 544 788 583 inter
815 557 858 582 se
888 550 1168 596 opponuntur.
1203 565 1207 575 ·
1231 543 1313 582 Sed
1351 545 1422 582 hie

92 603 201 655 πρός
231 600 366 656 αὐγάς
401 614 488 640 non
525 600 764 651 diligentius
801 612 980 638 examen
1018 599 1240 651 significat,
1277 613 1423 651 quam,

94 659 208 711 quod
233 656 424 695 vsitatius
443 655 616 704 dicitur,
643 654 711 696 ὑπ’
732 654 879 709 αὐγάς.

175 725 379 768 ὑπονοςεῖ
407 721 517 775 πρὸς
546 721 595 762 τό
632 720 1029 775 εὐκαταφρόνητον]
1061 719 1424 772 Elegantissimum

92 787 166 819 est.
203 779 452 818 Plutarchus
477 778 530 815 de
550 777 706 830 Repub.
724 777 904 817 Gerend.
930 792 970 830 p.
993 779 1085 817 811.
1119 780 1212 816 Καὶ
1236 775 1283 816 τό
1306 779 1424 817 θαυ-

91 834 334 890 μαζόμενον
350 833 489 875 αὐτῶν
519 838 562 875 ἐν
584 833 699 889 ἀρχῇ
732 832 803 882 τῆς
831 835 1069 889 ἐπιμελείας
1095 838 1154 876 εἰς
1179 831 1426 887 χλευασμὸν

96 891 459 932 ΥῘΙΟΝΟΣΤΕῙ
483 895 560 931 καὶ
580 892 751 944 γέλωτα.
812 889 934 936 Quod
954 888 1081 942 plane
1100 888 1326 940 gemellum
1348 895 1424 926 est.

91 947 290 986 'fovens

178 1012 400 1068 στόμφον]
458 1011 602 1051 Morus
635 1012 679 1050 in
706 1017 807 1051 nota
836 1014 999 1051 inanem
1038 1011 1245 1051 verborum
1281 1015 1427 1065 strepi-

94 1078 179 1109 tum
218 1070 533 1122 interpretatur.
591 1067 674 1106 Sed
708 1068 779 1106 vel
806 1066 877 1106 hic
908 1068 1025 1106 locus
1055 1068 1256 1116 ostendit,
1285 1081 1361 1119 per
1385 1081 1428 1106 se

94 1138 182 1164 esse
204 1121 408 1164 herborum
424 1124 644 1178 grandium
655 1126 882 1177 strepitum,
907 1137 989 1161 non
1010 1126 1186 1173 inanem,
1207 1124 1284 1163 etsi
1299 1124 1431 1179 possit

94 1195 181 1219 esse
208 1185 316 1220 iusto
336 1183 475 1219 maior.
1301 1212 1303 1215 ,

175 1236 216 1290 §2
249 1249 286 1275 2.
316 1235 340 1275 ό
376 1234 458 1276 τῶν
489 1236 548 1273 Π.
586 1231 709 1285 Ζεύς]
761 1231 882 1270 Hunc
927 1232 1056 1282 (θεῦ)
1091 1233 1264 1272 titulum
1311 1247 1431 1286 reges

94 1291 282 1331 Orientis
315 1291 477 1342 saepius
510 1290 769 1329 affectabant.
830 1287 890 1326 De
920 1288 1163 1327 Mithridate
1195 1289 1431 1330 Athenaeus

97 1348 135 1395 5,
161 1360 233 1397 12,
262 1361 303 1400 p.
327 1346 429 1386 213:
462 1346 600 1386 Πᾶσα
627 1344 669 1384 δὲ
699 1343 821 1387 πόλις
843 1347 938 1387 ταῖς
962 1344 1068 1397 ὑπὲρ
1098 1345 1333 1397 ἄνθρωπον
1363 1361 1430 1385 τι-

96 1407 203 1458 μαῖς
222 1402 456 1443 ὑπαντῶσα
478 1403 785 1442 κατακαλεῖται
805 1397 878 1441 τόν
895 1398 998 1440 θεόν
1018 1403 1215 1453 βασιλέα.
1254 1401 1431 1440 Aethio-

96 1473 197 1511 pum
223 1457 479 1512 ἐπιτήδευμα
496 1463 619 1496 vocat
635 1455 844 1494 Diodorus
865 1454 945 1494 Sic.
967 1454 1011 1494 L.
1037 1455 1106 1494 ΙΙΙ.
1124 1470 1164 1507 p.
1191 1469 1285 1496 101.
1335 1454 1432 1499 τούς

97 1516 288 1568 βασιλεῖς
311 1511 408 1556 θεύς
433 1515 637 1567 νομίζειν.
693 1510 828 1550 Notus
845 1511 971 1549 etiam
996 1511 1122 1549 estin
1142 1511 1319 1550 historia
1343 1515 1431 1551 An-

97 1569 263 1608 tiochus
301 1567 403 1612 Θεός
434 1568 584 1610 dictus.
665 1566 775 1618 Addi
805 1573 941 1619 potest
972 1566 1161 1619 Euripid.
1196 1567 1364 1620 Hippol.
1387 1580 1429 1606 v.

100 1628 166 1664 88.
193 1632 234 1663 et
245 1624 400 1663 Troad.
422 1637 463 1663 v.
491 1623 614 1676 1169.
644 1622 896 1660 Artemidor.
918 1636 956 1670 2,
978 1622 1044 1672 37.
1075 1622 1185 1660 Nota
1206 1630 1267 1661 est
1288 1623 1433 1662 Mene-

100 1680 224 1718 cratis
246 1679 419 1728 medici,
450 1680 521 1731 qui
547 1691 590 1717 se
614 1678 757 1716 Iouem
779 1677 1023 1730 appellauit,
1048 1678 1202 1716 stolida
1233 1692 1434 1731 arrogan-

98 1736 179 1785 tia,
209 1735 261 1775 de
282 1749 361 1787 qua
381 1735 577 1773 Aelianus
595 1734 644 1773 V.
665 1732 714 1771 H.
738 1746 798 1782 12,
825 1734 871 1772 51
889 1762 900 1781 ,
937 1733 1091 1786 aliique
1119 1733 1219 1788 ibid.
1246 1735 1292 1773 in
1315 1736 1434 1774 *notis

102 1791 283 1843 allegati.
340 1790 657 1830 Smmmmvs.
693 1830 696 1833 ,
888 1823 890 1825 ,
999 1790 1001 1792 ’
1058 1787 1061 1789 ’

182 1845 336 1895 Γύπες,
364 1846 559 1901 ἔμψυχοι
575 1844 737 1897 τάφοι]
778 1843 874 1882 Non
898 1844 995 1883 satis
1025 1845 1201 1884 assecuti
1232 1853 1328 1885 sunt
1349 1846 1438 1886 viri

102 1902 216 1940 docti
241 1902 293 1940 ad
309 1902 421 1941 hunc
442 1902 583 1941 locum
598 1931 608 1950 ‚
637 1908 679 1940 et
696 1899 743 1938 H.
770 1900 972 1939 Columna
1000 1900 1053 1939 ad
1071 1900 1252 1942 Ennium
1272 1916 1312 1954 p.
1343 1903 1434 1942 142.

102 1957 203 2009 quid
234 1971 259 1995 a
289 1957 468 2010 Longino
494 1955 839 2010 reprehendatur.
896 1959 1073 1996 Bustum
1103 1963 1145 1996 et
1182 1959 1437 2010 sepulchrum

103 2019 219 2051 recte
240 2019 282 2051 et
309 2013 518 2065 eleganter
545 2013 698 2052 dieitur
716 2012 767 2050 de
789 2019 951 2060 ventre,
979 2012 1022 2050 in
1045 2026 1128 2064 quo
1146 2013 1229 2051 cibi
1247 2014 1437 2053 condun-

105 2075 176 2106 tur
200 2075 241 2106 et
263 2075 579 2108 consumuntur.
618 2068 657 2106 Ν
662 2081 708 2106 ec
728 2067 786 2105 ita
807 2067 946 2106 dicere
968 2068 1312 2119 praestantissimi
1340 2069 1437 2123 qui·-

106 2137 186 2175 que
206 2124 431 2175 scriptores
448 2125 706 2163 dubitarunt.
762 2123 869 2162 Vide
893 2122 1107 2162 Pricaeum
1129 2124 1184 2162 ad
1202 2125 1320 2177 Apul.
1339 2126 1439 2164 Met.

108 2180 156 2218 V.
179 2194 219 2231 p.
248 2191 336 2217 100.
376 2179 457 2218 Sed
481 2184 618 2220 viuum
645 2181 805 2219 bustam
832 2179 974 2218 <licere
998 2179 1187 2231 ineptum
1210 2187 1272 2218 est
1290 2211 1301 2230 ,
1333 2195 1438 2234 pro-

106 2243 253 2288 pterea
274 2234 383 2286 quod
405 2239 542 2276 viuum
563 2237 613 2275 de
637 2237 753 2275 basto
774 2235 858 2274 dici
871 2234 992 2273 nulla
1014 2235 1176 2274 ratione
1198 2243 1356 2288 potest,
1390 2243 1441 2276 vt

108 2290 285 2343 pulchre
304 2290 412 2329 vidit
433 2293 484 2330 cl.
508 2292 705 2331 Ernestus
725 2291 816 2330 [nit.
837 2290 1008 2329 Rhetor.
1036 2305 1076 2343 p.
1097 2290 1192 2330 846.
1259 2291 1346 2339 Hae
1371 2299 1440 2331 ta-

108 2359 205 2383 men
254 2346 435 2398 ineptiae
484 2361 569 2387 non
615 2348 689 2387 vni
734 2347 909 2399 Gorgiae
952 2346 1218 2399 placuerunt.
1270 2347 1439 2388 Lucret.

108 2401 158 2439 V.
180 2414 275 2456 291.

228 2470 336 2509 Vim
357 2470 495 2510 videns
518 2473 639 2510 veno
664 2473 821 2524 sepeliri
844 2474 999 2509 viscera
1025 2471 1147 2511 bus-t
1161 2485 1196 2508 ο.

111 2533 256 2573 Sidon.
279 2528 511 2587 Apollinar.
534 2537 670 2577 carm.
692 2538 761 2578 lX.
790 2550 881 2590 ¹08·

332 2606 375 2643 F
369 2607 492 2642 ratris
520 2606 685 2642 crimine
713 2607 783 2656 qai
817 2609 937 2644 miser
964 2608 1118 2644 voratis

335 2661 398 2700 Vi
409 2674 436 2697 ιι
449 2674 523 2698 um
543 2660 876 2714 pignoribussuit
892 2663 1073 2715 sepulc
1083 2663 1246 2701 lirum?
