1718 3122
491 264 728 310 FRAGM
742 265 860 308 VIII.
899 265 941 319 5.
970 275 1034 306 ιιι.
1347 270 1426 310 545

90 377 236 417 cimus.
247 383 272 404 “
326 376 520 430 Sequitur
552 376 662 415 enim
693 375 739 416 in
779 375 933 428 Apsine
961 384 1088 429 caput
1115 377 1168 416 de
1196 377 1418 434 ὑποκρίσει

85 432 229 471 latiori
267 433 341 471 illo
371 446 514 479 sensu,
564 431 616 469 ad
645 431 757 483 quod
784 432 914 470 ve1ba
944 431 995 489 τῇ
1028 431 1125 481 τῆς.
1138 439 1416 489 ..πρέποντα

83 488 306 527 transitum
328 500 411 527 non
432 487 639 539 optimum
655 493 818 539 parant.
842 487 902 526 W.

140 546 175 599 (*
178 547 191 594 )
223 543 399 595 Scripsit
417 542 602 594 plurima
616 541 843 594 Longinus,
874 542 926 580 de
947 542 1093 594 quibus
1113 542 1197 582 viri
1218 544 1413 586 doctissi..

82 600 142 638 mi
172 599 280 650 Lan„
260 598 449 636 ‹rbaenius
480 604 522 636 et
541 596 787 646 Hudsonus,
820 604 861 636 et
875 597 919 635 in
939 611 1087 650 primis
1101 599 1413 643 Germanorum

82 655 287 693 maximus
297 652 470 692 Ioannes
480 653 677 693 Albertus
686 651 716 691 F
717 653 928 692 abriclus
916 666 960 691 m
969 651 1230 694 Bibliotheca
1239 655 1411 697 Graeca.

78 710 166 748 Nos
194 707 421 756 nonnulla,
448 721 553 760 quae
581 708 651 747 vel
675 709 991 760 praetermissa,
1018 709 1090 747 vel
1106 723 1258 762 parum
1280 711 1411 751 intel-

77 765 189 803 lecta
207 763 557 815 deprehendimus
572 792 583 812 ,
611 763 681 802 hic
702 764 918 803 corollarii
941 765 1036 803 loco
1059 764 1327 816 adponemus.

165 821 326 860 ΠΕΡΙ
344 821 460 860 ΤΟΤ
476 821 651 860 ΚΑΤΑ
671 819 936 860 ΦΕῙΔῙΟΥ.
992 819 1113 868 Hunc
1136 820 1293 860 librum
1313 822 1410 861 lau-

65 876 150 915 <dat
174 875 333 914 Suidas.
366 875 439 914 vbi
465 875 538 914 alii
572 873 783 923 Μειδίου,
823 875 899 914 alii
932 875 1120 925 Μηδίου.
1177 876 1259 915 Sed
1282 878 1411 931 plena

77 931 299 983 inscriptio
330 931 489 970 fuerat:
520 929 682 971 HEPI
703 932 842 973 ΤΩΝ
864 932 1130 972 ΜΟΡΙΩΝ
1150 933 1279 973 ΤΗΣ
1302 935 1409 974 ΨΥ-

80 987 212 1028 ΧΗΣ
236 988 414 1028 ΚΑΤΑ
446 987 704 1028 MHAIOY.
761 989 831 1028 De
853 987 1040 1040 partibus
1068 991 1230 1027 animae
1265 998 1411 1029 contra

80 1043 277 1083 Medium.
321 1042 495 1081 Proclus
518 1042 562 1080 in
590 1042 664 1082 lib.
686 1043 726 1080 4.
761 1002 884 1082 Poliio.
903 1041 1088 1081 Platonis
1111 1057 1153 1095 p.
1176 1043 1285 1084 415.
1299 1044 1412 1086 Οἶδα

79 1096 119 1138 δ’
138 1097 262 1150 ἔγωγε
292 1097 364 1139 τόν
395 1096 654 1150 Πορφύριον
686 1101 728 1139 ἐν
751 1097 839 1142 τοῖς
861 1099 1130 1154 Συμμίκτοις
1155 1099 1411 1170 ἱστοροῦντα

78 1153 359 1208 προβλημασι
389 1154 638 1194 MHAIOY
662 1166 771 1207 προς
797 1155 1018 1205 Λογγίνου
1051 1157 1281 1196 συνουσίαν
1309 1154 1409 1197 uro?

77 1210 237 1249 ΠΕΡΙ
271 1209 408 1249 ΤΩΝ
430 1208 696 1248 ΜΟΡΙΩΝ
725 1210 852 1248 ΤΗΣ
885 1209 1108 1249 ΨΤΧΗΣ.
1165 1211 1300 1262 Atque
1323 1211 1408 1250 huc

76 1262 344 1303 referendum
361 1264 534 1303 videtur
554 1263 663 1315 quod
684 1263 838 1315 legitur
855 1264 966 1316 apud
985 1264 1204 1303 Eusebium
1225 1265 1280 1303 Ρι
1281 1266 1408 1318 aepa-

75 1327 155 1359 rat.
178 1320 264 1359 XV.
288 1322 325 1361 3
344 1320 561 1383 Λογγίνου
580 1333 688 1373 προς
705 1335 781 1368 την
805 1335 885 1360 των
906 1320 1017 1361 Σιωὶ
1013 1329 1104 1361 κων
1124 1321 1284 1360 ΠΕΡΙ
1300 1321 1408 1361 ΨΥ-

78 1377 210 1417 ΧΗΣ
238 1374 364 1424 δόξαν
389 1374 645 1429 ἀντίρρησις.
702 1374 809 1414 Nam
839 1374 998 1414 Medius
1024 1389 1046 1414 e
1067 1375 1234 1427 porticu
1256 1376 1407 1416 fuerat.

72 1430 172 1473 Eius
191 1431 383 1470 meminit
403 1437 546 1470 noster
568 1429 678 1484 apud
688 1429 921 1484 Porphyr.
909 1444 954 1468 ιιι
973 1429 1244 1470 vitaPlotini:
1267 1432 1408 1473 Στωϊ-

74 1486 160 1527 κῶν
193 1486 236 1527 δὲ
268 1485 554 1555 Θεμιστοκλης
584 1489 663 1526 καὶ
700 1487 914 1540 Φοιβίων,
952 1488 1000 1527 οἵ
1034 1501 1074 1527 τε
1100 1490 1230 1543 μέχρι
1259 1501 1406 1541 πρωην

73 1541 534 1637 οἱᾶᾳὲάσαντεςῆἷῗννιος
562 1545 638 1583 καὶ
667 1542 927 1583 ΜΗΔΙΟΣ.
987 1541 1141 1581 Confer
1174 1555 1250 1580 nos
1278 1556 1405 1596 supra

71 1612 95 1637 a
179 1612 292 1650 ragm

161 1656 322 1695 HEPI
341 1653 574 1696 ΟΡΜΗΣ.
624 1656 692 1697 De
713 1655 960 1707 appetitione
978 1652 1105 1701 liber,
1128 1666 1252 1706 quem
1275 1654 1403 1694 Cleo-

73 1710 194 1749 damo
228 1717 271 1748 et
281 1709 531 1775 Porphyrio
560 1709 828 1761 nuncupauit.
885 1707 1143 1761 Porphyrius
1171 1710 1214 1746 in
1235 1709 1402 1749 Plotino

74 1779 162 1818 cap.
188 1778 248 1821 17.
268 1762 369 1807 ὅθεν
390 1765 414 1806 o‘
434 1765 648 1829 Λογγῖνος
666 1766 746 1819 μὲν
767 1764 1040 1818 προσφωνῶν
1050 1762 1102 1804 τοὶ
1123 1765 1283 1804 ΠΕΡΙ
1303 1767 1403 1806 ΟΡ·
1450 1761 1452 1763 V

76 1823 223 1863 ΜΗΣ
241 1820 476 1877 Κλεοδάιιῳ
506 1837 546 1862 τε
569 1819 704 1913 κᾳμοὶ
727 1821 990 1873 Πορφυρίῳ,
1020 1818 1265 1877 Κλεόδαμέ
1264 1836 1304 1861 τε
1326 1825 1404 1861 καὶ

75 1877 234 1929 Μάλχε
253 1859 546 1931 προῦγραφεν.
586 1874 701 1928 Opus
723 1874 1084 1927 philosophicum.
1117 1869 1272 1914 Confer
1287 1876 1402 1915 Sext.

73 1932 232 1985 Emph.
263 1948 304 1985 p.
330 1932 421 1984 196.
460 1931 648 1984 Simplic.
667 1931 711 1970 in
734 1930 908 1983 Epictet.
938 1944 978 1982 p.
1000 1933 1037 1970 8.
1080 1931 1217 1969 Lae1t.
1237 1931 1281 1969 in
1304 1932 1402 1970 Zen.

71 1987 159 2026 Vll.
188 1990 256 2028 84.
294 1994 335 2026 et
368 1987 525 2026 Laertii
566 1986 881 2038 compilatorem
919 1985 1033 2025 Suid.
1063 1993 1252 2024 nostrum
1288 1987 1332 2025 in
1360 2001 1401 2027 v.

67 2041 208 2097 Ὁρμη.
249 2043 395 2082 Cicero
420 2042 472 2080 de
490 2042 608 2082 OffiC.
630 2041 660 2080 Ῑ
679 2044 746 2081 28.
778 2043 941 2095 Duplex
959 2050 1018 2080 est
1037 2046 1142 2081 enim
1162 2044 1221 2080 vis
1241 2045 1401 2081 animo-

72 2114 162 2138 rum
186 2108 309 2154 atque
334 2107 509 2138 natura.-
538 2113 620 2138 vna
646 2112 744 2152 pars
769 2101 813 2136 in
832 2101 1014 2151 appetitu
1028 2101 1168 2152 posita
1186 2106 1267 2146 est,
1297 2113 1401 2152 quae

74 2163 134 2194 est
151 2154 277 2211 Ὁρμη
297 2158 475 2201 Graece,
500 2169 605 2208 quae
620 2154 821 2193 hominem
837 2154 919 2192 huo
941 2162 980 2192 et
996 2154 1093 2192 illuc
1111 2156 1243 2206 rapit:
1271 2155 1402 2193 altera

72 2214 118 2250 in
141 2215 322 2258 ratione,
355 2226 459 2265 quae
487 2212 603 2250 docet
634 2218 674 2249 et
701 2211 913 2263 explanat,
953 2210 1055 2263 quid
1072 2209 1310 2262 faciendum
1319 2210 1399 2263 fia-

71 2268 345 2321 giendumque
361 2269 437 2306 sit:
443 2267 612 2331 itafit,
640 2273 684 2304 vt
703 2268 811 2304 ratio
829 2267 1005 2318 praesit,
1026 2267 1229 2322 appetitus
1245 2266 1397 2304 obtem-

65 2332 190 2376 peret
223 2326 333 2376 Περὶ
353 2320 487 2377 ὁρμῆς
505 2320 629 2360 etiam
651 2321 876 2372 scripserat
889 2320 1001 2358 Zeno
1017 2318 1171 2359 Citieus
1186 2327 1226 2358 et
1237 2319 1399 2373 Sphae-

73 2392 145 2417 rus
165 2378 435 2430 BosporanuS.
456 2376 508 2415 de
535 2377 682 2439 quibus
704 2375 890 2414 Laertius
918 2375 1207 2425 consulenduS.
1274 2375 1398 2414 Cete-

73 2448 169 2473 rum
193 2434 406 2474 Cleodami
422 2433 539 2472 istius
560 2431 794 2471 meminisse
815 2431 981 2470 videtur
1008 2421 1242 2470 Trebellius
1263 2431 1399 2470 Pollio

74 2490 120 2527 in
146 2489 356 2528 Gallieno:
403 2489 557 2542 meus
586 2490 797 2541 compertis
824 2490 1033 2527 Gallienus
1065 2500 1329 2527 CLEODAMVM
1360 2494 1401 2526 et

0 2644 2 2663 ι
118 2627 146 2669 (’
148 2627 159 2669 )
203 2626 273 2661 Adi
277 2629 379 2661 unxit
400 2629 454 2661 To
434 2639 521 2672 oiup
510 2639 564 2661 ius
583 2626 651 2661 hoc
673 2627 909 2661 corollarium
934 2633 1039 2659 notae
1065 2636 1175 2668 supra
1202 2623 1402 2668 positae-de

0 2665 2 2699 Ι
73 2684 104 2708 ι’.
130 2671 361 2715 παράληψις.
991 2712 1033 2750 Μ
1048 2726 1089 2750 m
