1718 3122
441 250 666 297 FRAGM.
693 251 804 294 vm.
841 251 1065 307 §.9—11.
1342 256 1421 296 641

99 373 318 414 adscitum.
375 368 457 410 Sed
472 367 692 420 legendum
713 365 864 418 opinor
889 365 984 406 οἵου
1004 378 1081 416 pro
1103 366 1220 416 οἷον,
1247 371 1296 406 vt
1314 367 1427 407 verti

101 429 255 484 possit:
284 428 559 471 mentiuntur,-
584 423 659 462 sed
673 435 754 460 non
782 429 900 459 tanto
928 422 1075 473 spiritu
1103 422 1204 468 (siue
1237 431 1323 462 tam
1348 438 1427 462 au—

98 486 264 535 dacter)
282 488 436 537 quanto
448 481 619 522 minimo
637 491 697 516 sc.-
714 478 949 516 mentientes
961 491 975 514 .-
1005 482 1076 513 aut
1095 476 1173 513 sic:
1194 479 1430 528 fallentem5

102 541 176 579 sed
194 545 276 577 etc.
313 535 399 575 Hac
426 532 820 580 circumlocutione,
858 543 962 583 quae
999 531 1176 568 fortasse
1209 544 1261 570 ex
1289 534 1429 584 aliquo

100 595 308 647 scriptore
329 589 458 643 petita
477 596 559 638 est,
585 587 809 641 significari
822 587 1021 626 videntur
1048 584 1238 625 homines
1269 601 1294 626 a
1309 588 1429 627 frau-

102 650 157 689 de
176 649 247 688 vel
264 644 479 686 mendacio
509 645 631 696 longe
653 643 819 686 remoti.

186 703 227 758 §.
258 714 318 743 ιο.
347 701 402 742 Οἱ
417 699 460 739 δὲ
475 698 629 753 χρόνοι
648 729 657 739 .
674 727 707 738 ..
723 697 924 753 κώμυθα]
966 696 1171 751 Exempla
1199 697 1271 738 hic
1302 698 1429 739 allata

98 760 280 806 volunt,
304 755 487 810 χρόνους
504 769 591 795 non
614 768 700 794 esse
720 763 899 808 tempora
926 755 1153 804 verborum,
1181 754 1256 793 secl
1292 770 1427 811 qnan-

102 818 243 855 titanes
269 812 525 867 syllabarum.
578 810 747 850 Monere
772 810 941 858 videtur
966 817 1134 858 auctor,
1149 843 1151 846 Α
1168 810 1328 862 aliquid
1355 811 1426 849 in..

102 878 258 910 teresse
278 868 331 908 ad
349 867 437 906 vim
455 866 788 920 compositionis,
810 873 953 905 vtrum
990 866 1034 904 in
1067 868 1252 921 κωμυθα
1270 866 1425 918 penul-

101 926 206 965 tima
224 920 407 979 syllaba,
434 922 479 961 in
501 923 790 976 Θεμιστοκλέα
819 928 958 960 autem
993 927 1035 960 et
1063 921 1281 976 ψιμύθιον
1307 928 1426 961 ante-

101 980 359 1035 penultimae
378 984 425 1017 vt
444 977 590 1030 longae
610 977 937 1032 pronuntientur
949 1006 960 1026 ,
988 990 1040 1015 an
1058 984 1107 1016 vt
1126 978 1285 1016 breues.

186 1040 262 1076 καὶ
281 1037 379 1075 λίαν
401 1036 563 1088 οἰκείαν
580 1031 774 1087 δευτέραν
802 1028 893 1073 eino*
925 1031 1000 1073 τοῦ
1022 1033 1186 1085 τέλους]
1217 1036 1301 1074 Iam
1321 1046 1425 1072 ver-

103 1092 220 1131 sione
240 1089 464 1143 significatui
477 1118 488 1135 ,
513 1088 736 1140 legendum
755 1088 892 1127 videri
913 1090 1069 1130 καλίαν
1081 1119 1095 1137 ‚
1125 1087 1237 1137 ὀξείᾳ
1257 1088 1427 1142 δευτέρᾳ

105 1146 200 1188 ἀπὸ
220 1147 295 1187 τοῦ
314 1147 474 1189 τέλους.·
504 1144 664 1183 scilicet
688 1157 769 1197 pro
797 1143 954 1185 καλιάν
991 1144 1075 1182 dici
1105 1157 1228 1196 posse
1259 1147 1430 1195 καλίαν,

102 1203 337 1256 penultima
364 1206 495 1239 acuta.

188 1259 283 1298 Καὶ
302 1257 461 1307 παραλ.
484 1255 558 1310 μ.]
589 1254 697 1307 Lego
733 1256 898 1297 Καίτοι
926 1271 971 1296 π.
998 1273 1045 1312 μ.

187 1312 413 1367 δείγματος
433 1307 535 1352 ὅσον
554 1310 764 1366 δεόμενον]
794 1311 981 1351 Breuitas
1013 1325 1098 1350 non
1129 1311 1306 1351 obscura
1326 1325 1431 1364 pro-

104 1367 241 1410 verbii
261 1367 538 1420 suspicionem
561 1368 743 1419 praebet.
790 1366 878 1406 Hoc
904 1368 938 1406 si
966 1369 1214 1420 probamus,
1244 1368 1433 1406 interro-

105 1423 282 1480 gationis
302 1429 402 1461 nota
420 1428 516 1476 post
534 1423 664 1476 λέγειν
689 1424 883 1475 ponenda
904 1424 998 1462 erit.

181 1476 228 1520 ’Ὁ
249 1476 291 1518 δ’
318 1477 435 1530 ἴσως]
461 1476 698 1530 Legendum
721 1479 871 1531 opinor
893 1477 999 1520 Τόδε
1020 1477 1062 1519 δ’
1082 1481 1196 1524 ἴσως.

193 1535 309 1576 οὔπω
331 1533 446 1584 εἶχον
468 1562 478 1572 .
492 1563 500 1572 .
515 1563 524 1572 .
547 1532 917 1589 καταστρώματα]
957 1534 991 1574 E
1013 1534 1275 1587 Thucydidis
1294 1534 1436 1574 nescio

109 1607 189 1645 quo
210 1591 305 1629 loco
326 1596 506 1627 sumtum
528 1594 601 1628 est.
657 1588 853 1641 Enallage
880 1591 1066 1645 numeri,
1095 1590 1147 1629 de
1180 1605 1258 1643 qua
1279 1590 1348 1630 hic
1369 1590 1435 1628 di-

108 1649 240 1695 citur,
270 1650 332 1684 est
362 1644 406 1683 in
437 1642 604 1694 πάσης,
633 1645 743 1697 quod
773 1644 931 1684 dictum
965 1652 1026 1684 est
1050 1659 1129 1698 pro
1160 1645 1324 1696 πασῶν,
1349 1645 1441 1686 scil.

107 1718 224 1745 νέων.

193 1757 291 1798 εἰπέ
307 1771 386 1811 μοι
409 1786 418 1796 .
432 1786 441 1795 .
455 1785 465 1795 .
484 1754 651 1810 λέγωσι]
680 1753 755 1794 His
778 1754 879 1808 quid
895 1754 1061 1805 faciam,
1074 1769 1161 1796 non
1173 1757 1319 1797 habeo.
1346 1756 1453 1797 Eii-‘

109 1814 285 1862 ciamus,
310 1811 473 1864 opinor.

203 1871 276 1910 ἵνα
302 1866 397 1909 ἀντὶ
423 1868 583 1919 τείχους
615 1860 669 1925 ᾗ]
719 1866 767 1906 In
790 1873 962 1920 promtu
996 1872 1058 1905 est
1090 1868 1273 1923 enallage
1313 1870 1388 1913 τοῦ
1412 1864 1444 1920 ἦ

108 1939 189 1980 pro
214 1919 306 1964 ὦσι.
662 1971 664 1973 ,
1419 1917 1428 1930 ⁸

194 1978 399 2021 πολιτεύω
420 1978 463 2020 δὲ
484 1981 560 2019 καὶ
581 1979 735 2019 ἔπολῖτ.
755 2007 765 2018 .
779 1983 792 2018 .’
805 2009 815 2019 .
849 1979 1055 2034 διενόουν]
1083 1979 1241 2020 Rursus
1269 1988 1440 2034 praeter

111 2036 351 2088 opinionem
369 2035 421 2073 de
440 2035 523 2073 alia
545 2034 738 2073 videmus
760 2034 824 2086 agi
843 2036 1174 2087 permutatione3
1202 2044 1441 2089 temporum

110 2105 277 2143 nempe,
297 2104 391 2129 cum
413 2090 502 2142 quis
522 2103 547 2129 a
567 2090 778 2141 praesenti
800 2091 952 2130 transit
971 2091 1022 2130 ad
1039 2092 1330 2143 praeteritum.
1359 2092 1443 2132 Sed

109 2147 156 2186 in
172 2146 411 2184 narratione
430 2157 516 2184 non
544 2153 663 2184 rarus
695 2151 766 2184 aut
792 2145 973 2184 insolens
1006 2153 1072 2185 est
1102 2147 1199 2185 talis
1226 2149 1439 2189 transitus.

111 2202 219 2242 Nam
245 2215 339 2239 cum
361 2201 405 2239 in
424 2214 472 2239 re
493 2206 589 2239 ante
618 2205 709 2239 acta
739 2207 782 2239 et
799 2208 910 2253 gesta
941 2214 1137 2254 praesens
1170 2209 1334 2255 tempus
1364 2204 1441 2243 ad·-

112 2257 306 2304 hibetur,
350 2256 466 2308 quasi
494 2269 590 2295 cum
618 2255 798 2295 maxime
825 2264 1016 2308 geratur,
1056 2258 1215 2310 saepius
1243 2259 1438 2312 scriptor,

112 2313 279 2366 pictura
303 2312 471 2358 relicta,
514 2323 661 2351 rursus
697 2311 750 2350 ad
770 2313 1023 2351 narrationis
1050 2313 1228 2352 formam
1258 2315 1369 2354 redit
1399 2323 1442 2354 et

112 2367 340 2420 praeterito
376 2373 565 2418 tempore
607 2367 755 2408 vtitur.
827 2367 908 2406 Sed
943 2367 1047 2407 haec
1084 2369 1315 2421 interprete
1357 2384 1441 2410 non

115 2430 248 2474 egent.
304 2423 452 2461 Cetera
468 2421 591 2460 huius
611 2423 806 2461 sectionis
821 2424 896 2462 vix
918 2422 1102 2476 Oedipus
1122 2425 1267 2464 soluet.
1327 2427 1442 2464 Vlti-

114 2491 183 2516 ma
216 2479 392 2517 sortasse
423 2477 483 2515 sic
510 2478 776 2518 rescribenda
804 2485 922 2518 sunt:
961 2479 1015 2523 αἱς
1044 2483 1142 2533 περὶ
1171 2479 1439 2533 πασχόντων)

116 2532 212 2585 οὐχὶ
233 2533 478 2575 ποιούντων.

200 2589 240 2643 §.
272 2602 333 2630 ιι.
371 2589 399 2638 ἠ
430 2587 658 2643 μετάθεσις
687 2588 768 2632 τῶν
800 2591 1047 2646 λεγομένων]
1086 2590 1184 2629 Post
1206 2593 1438 2646 λεγομένων

115 2644 271 2697 aliquid
305 2644 506 2700 excidisse
523 2651 638 2697 puto.
703 2645 811 2685 Nam
838 2647 1049 2701 λεγόμενα,
1070 2653 1207 2684 essent
1233 2661 1318 2696 res,
1345 2662 1439 2687 sen-
