1718 3122
276 296 359 336 644
644 269 646 271 ’
695 300 733 325 ·.
782 286 1141 330 'ADDENDA.

335 405 438 447 XVI.
490 405 527 459 5.
550 405 590 442 4-
630 402 682 445 οὐ
698 402 796 448 τούς
818 402 1028 457 named]
1057 401 1377 441 Restituendum
1399 410 1490 442 erat
1509 404 1608 457 οὐχὶ

278 483 313 507 τ.
336 479 374 503 κ.
395 476 417 501 e
437 461 528 500 Par.
550 467 593 499 et
608 459 732 499 Laur.
976 496 982 501 ,
1112 491 1114 493 ,
1138 485 1142 495 .

334 517 458 558 XVII.
502 516 543 570 5.
567 528 619 554 2.·
642 515 1007 568 παραληφθεῖσα]
1033 513 1234 566 Equidem
1257 514 1379 554 codd.
1402 514 1493 554 fere
1515 530 1608 554 om-

278 577 396 614 nium
422 572 668 612 auctoritate
688 572 899 622 vulgatam
920 578 1043 608 tueor
1074 572 1331 622 παραληφθ.
1343 587 1358 618 ,·
1385 583 1481 609 nam
1500 571 1607 610 illud

276 630 471 685 p'articip.
491 628 754 681 παραλειφθ.
771 625 888 665 1ιαίιᾶ
911 625 996 664 scio
1016 639 1069 663 an
1087 639 1251 678 semper
1275 627 1329 664 sit
1350 640 1375 664 a
1398 629 1607 679 παραλεί..

278 703 370 736 πω,
403 683 614 735 nunquam
647 697 672 721 a
693 684 960 737 παραλείφω.
1006 680 1167 719 Deinde
1193 695 1321 732 quum
1344 694 1486 719 omnes
1508 696 1606 721 mss.

276 749 479 783 tueantur
488 738 825 777 terminationem
847 765 856 774 .
870 766 880 774 .
895 766 905 774 .
931 752 1030 784 σαν,
1058 737 1321 775 scribendum
1343 750 1492 775 censeo
1515 753 1608 777 πα-

278 793 532 854 ραληφθεῖιί
549 793 620 842 ἄν,
652 794 681 832 i.
703 806 740 831 e.
758 792 792 829 si
811 792 941 830 suerit
961 792 1158 831 adhibita.
1187 793 1248 830 W.
1268 793 1326 831 fil.

283 881 285 883 -
334 852 470 892 XVlll.
519 849 558 902 5.
577 861 617 887 2.
654 847 827 885 Monere
855 847 1054 884 debebam
1079 853 1120 883 et
1151 861 1262 885 nunc
1293 862 1459 898 moneo,
1489 849 1544 894 οἷς
1565 855 1610 891 οἱ

277 909 349 962 ὑφ’
370 910 519 959 ἑτέρων
541 917 563 942 e
583 902 708 942 Fabri
723 902 830 941 coni.
845 901 944 939 inde
962 901 1034 940 aT
1037 901 1141 939 ollio
1159 903 1287 939 scribi
1307 912 1500 955 coeptum
1522 920 1610 945 esse

277 980 356 1018 pro
378 977 450 1009 eo,
469 959 583 1011 quod.
599 958 959 1010 exemplavetera
977 957 1199 1008 praebent,
1222 953 1326 996 ὅσον
1351 959 1607 1015 ύφ“,,ἑτέρωγ,

277 1028 320 1059 et
340 1016 525 1057 dubitari
544 1027 663 1066 posse
683 1014 736 1051 de
750 1013 928 1052 veritate
948 1012 1236 1050 correctionis.

332 1073 470 1113 XVlll.
509 1070 555 1124 5.
577 1083 614 1109 2.
643 1065 750 1109 οὕτω
769 1067 817 1109 τό
839 1068 933 1120 σχ.]
967 1067 1075 1119 Lege
1090 1064 1220 1111 οὕτως
1240 1082 1262 1106 e
1285 1069 1378 1110 cod.
1399 1070 1492 1111 Par.
1511 1075 1514 1080 '
1535 1072 1612 1112 Et-

274 1133 359 1171 iam
383 1127 493 1181 quod
514 1128 559 1164 in
570 1126 661 1164 Vat.
675 1138 714 1165 2.
734 1124 903 1176 legitur,
924 1119 1032 1163 οὕτω
1054 1138 1104 1171 ει,
1135 1130 1280 1162 natum
1296 1132 1357 1163 est
1377 1127 1465 1166 sine
1482 1129 1611 1167 dubio

276 1202 330 1228 ex
347 1183 486 1227 οὕτως.
514 1182 606 1224 vid,
631 1181 742 1219 dicta
760 1180 813 1219 ad
823 1180 939 1225 XXl,
956 1192 997 1218 2.
1021 1179 1094 1219 vbi
1114 1179 1159 1217 in
1179 1179 1263 1217 fine
1288 1184 1610 1234 expungendum

273 1242 324 1284 τὸ
341 1240 482 1287 XVlll,
502 1251 542 1279 2.
564 1237 679 1290 quod
696 1236 858 1289 scripsi,
883 1241 1104 1287 antequam
1123 1249 1146 1273 e
1162 1235 1286 1275 codd.
1309 1244 1454 1277 notata
1473 1240 1612 1280 omnia

275 1300 492 1339 haberem.
810 1299 820 1306 ·
1055 1315 1061 1322 =
1163 1326 1166 1330 ,

332 1353 419 1392 ΧΧ.
455 1351 492 1405 5.
512 1350 552 1389 3.
573 1348 715 1393 οὐδεὶς
734 1346 868 1388 ταῦτα
886 1345 1164 1400 ἀπαγγέλλων
1185 1346 1370 1402 δύναιτο]
1407 1348 1519 1390 Part.
1539 1350 1610 1401 ἄν,

275 1423 403 1464 quam
421 1407 511 1446 cod.
529 1405 594 1445 El.
605 1433 616 1454 ,
650 1403 972 1443 Demosthenem
990 1409 1153 1441 secutus
1166 1431 1177 1450 ‚
1207 1411 1302 1454 post
1319 1405 1452 1450 οὐδεὶς
1473 1407 1611 1456 addit,

277 1470 421 1506 deesse
446 1462 604 1514 nequit.
649 1460 692 1499 F.
717 1459 943 1512 legendum
968 1458 1245 1513 ἀπαγγέλλων
1265 1460 1335 1500 ἄν.
1366 1461 1427 1501 W.
1450 1461 1510 1500 fil.

332 1519 454 1560 XXII.
503 1518 601 1572 5.1.
634 1513 697 1557 ὅτ.
717 1514 1024 1557 λανθάνουσαν
1046 1518 1218 1573 περιέχῃ
1242 1515 1319 1565 τήν
1337 1518 1503 1571 τέχνην]
1536 1516 1612 1557 Vel

275 1583 423 1617 contra
439 1575 530 1613 Par.
552 1581 594 1613 et
604 1572 727 1612 Laur.
741 1578 865 1610 tueor
883 1571 1168 1612 λανθάνουσα
1192 1585 1214 1609 e
1232 1579 1329 1611 cett.
1353 1574 1475 1617 codd.
1500 1575 1610 1613 Nam

275 1631 585 1674 λανθάνουσαν
617 1629 858 1681 profectum
883 1628 1052 1667 videtur
1074 1643 1098 1667 a
1127 1634 1388 1678 correctore,
1425 1630 1496 1681 qui
1524 1643 1612 1668 non

275 1689 534 1739 intelligeret
544 1716 555 1734 ‚
574 1683 859 1725 λανθάνουσα
878 1684 1174 1726 aduerbialiter
1187 1697 1273 1722 esse
1291 1684 1463 1728 dictum.
1476 1687 1536 1725 W.
1550 1686 1613 1726 fil.

332 1743 472 1785 xxm.
520 1742 558 1795 5.
581 1754 621 1779 2.
663 1740 832 1791 Aliquid
856 1739 1124 1778 dubitationis
1154 1740 1260 1778 mihi
1287 1742 1466 1780 verbum
1491 1742 1611 1790 δοξο-

276 1799 526 1856 κομποῦντα
566 1797 792 1845 iniecerat,
842 1795 953 1846 quod
985 1800 1027 1832 et
1063 1793 1189 1834 altius
1227 1795 1410 1834 insidere
1448 1799 1611 1850 coepit,

276 1868 405 1909 quum
430 1851 661 1893 Robortelli
679 1851 914 1889 editionem
938 1850 1231 1902 inspexissem,
1260 1865 1364 1902 quae
1383 1852 1511 1891 habet
1533 1853 1608 1892 δο-

273 1909 556 1960 ξοκοποῦντα.
595 1907 680 1946 Sed
702 1907 898 1958 quoniam
918 1918 1042 1943 nemo
1062 1906 1488 1959 vulgatamtetigerat
1506 1909 1608 1948 etin

276 1968 370 2006 cod.
400 1967 492 2005 Par.
515 1964 558 2002 id
579 1970 744 2002 exstare
766 1961 1073 2009 existimabam,
1099 1961 1399 2001 dubitationem
1425 1976 1511 2002 nou
1531 1978 1610 2003 ne-

275 2023 498 2065 cessariam
526 2031 697 2058 mouere
726 2017 864 2056 nolui:
910 2030 1008 2055 nam
1038 2017 1226 2068 analogia
1252 2016 1300 2057 id
1327 2031 1414 2058 non
1441 2020 1611 2059 videtur

276 2078 491 2119 damnare.
540 2074 624 2114 Sed
655 2073 899 2112 admiranda
930 2079 992 2111 est
1019 2072 1063 2111 h.
1091 2072 1121 2110 1.
1153 2072 1302 2111 leuitas
1332 2087 1497 2125 eorum,
1539 2076 1611 2128 qui

276 2134 527 2173 varrslectt.
548 2130 709 2170 e-codd.
732 2130 1002 2181 collegerunt.
1036 2127 1100 2167 Ne
1119 2129 1272 2178 multa,
1295 2129 1611 2178 δοξοκοποῦντα

276 2189 564 2242 reponendum
586 2193 647 2225 est
668 2200 689 2224 e
708 2185 798 2224 Par.
812 2213 822 2232 ,
849 2185 941 2224 Vat.
959 2196 1000 2223 2.
1021 2190 1063 2222 et
1083 2185 1144 2231 5.,
1167 2184 1288 2223 Laur.
1302 2214 1312 2234 ‚
1337 2186 1438 2225 Rob.
1468 2188 1540 2236 Id,
1561 2194 1611 2227 vt

276 2246 365 2284 iam
383 2245 506 2284 video
517 2273 528 2293 ,
564 2242 823 2281 doctissimus
843 2241 1060 2281 Schneider
1075 2240 1121 2278 in
1139 2241 1515 2282 Handwbrterbuclz
1547 2244 1607 2282 ita

276 2300 562 2347 commendat,
585 2304 634 2337 vt
653 2298 866 2348 vulgatum
886 2310 964 2349 per
986 2309 1128 2334 omnes
1144 2295 1262 2335 editt.
1287 2299 1464 2338 verbum
1482 2299 1607 2352 plane

277 2363 524 2408 corruptum
545 2360 587 2392 et
611 2353 755 2392 fictum
775 2352 957 2406 (sals-ch)
976 2358 1139 2391 statuat.
1597 2383 1599 2386 .

335 2412 481 2451 xxm.
526 2410 623 2464 5.3.
677 2407 832 2449 ταύτόν
865 2408 1061 2462 σπέρμα]
1102 2406 1167 2446 Ob
1205 2409 1366 2448 easdem
1401 2411 1607 2455 librorum

277 2468 570 2515 auctoritates,
619 2478 724 2517 quae
761 2464 800 2519 5.
829 2471 965 2503 antec.
991 2463 1184 2511 δοξοκοπ.
1211 2468 1404 2505 reuocari
1435 2468 1606 2515 volunt,

276 2523 376 2562 vide
404 2536 458 2561 an
475 2535 561 2560 non
579 2522 625 2559 in
643 2520 832 2560 versibus
850 2520 1070 2572 Sophoclis
1090 2520 1200 2573 apud
1220 2520 1333 2560 hunc
1356 2524 1503 2562 saltem
1523 2537 1605 2561 no·-

276 2585 410 2617 strum
430 2579 580 2630 reponi
598 2577 745 2616 debeat
767 2575 895 2617 ταύτό
914 2592 988 2617 σπ.

279 2658 282 2660 -
332 2635 475 2673 ΧΧΙΠ.
526 2633 565 2685 §.
586 2634 625 2671 4.
652 2632 910 2687 ὑπερβολήν]
942 2633 1135 2685 Plerique
1154 2634 1391 2687 hyperbolen
1414 2639 1602 2675 vertunt.

278 2690 361 2730 Sed
380 2690 486 2730 bene
503 2689 770 2730 Pizimentius
790 2689 872 2744 (edg
892 2688 1048 2734 Bonan.
1071 2690 1258 2743 p.215.);
1284 2721 1314 2742 „
1327 2703 1429 2744 quae
1448 2690 1602 2743 ampli-
