1752 3118
583 245 801 327 LIBRI
832 281 896 327 11.
932 282 982 329 r.
1322 302 1422 336 m

108 405 362 470 praestitit,
400 421 542 468 quam
563 402 682 450 haec
702 402 847 451 verba
872 402 1150 465 significant.
1206 404 1423 459 Primum

112 476 163 520 in
207 471 516 537 praestatione,
572 484 758 534 praeter
791 469 907 530 alia,
963 469 1100 517 dotes
1142 470 1255 518 libri
1288 492 1337 522 π.
1374 477 1420 525 ὖ.

108 544 307 587 scienter
328 550 374 586 et
398 551 613 585 accurate
640 535 953 602 persequitur.
1003 536 1193 584 Deinde
1209 539 1423 589 breuiter

106 619 323 653 recenset
347 604 536 652 codices
557 604 659 650 eius
685 616 731 651 et
751 601 1008 664 editiones;
1047 616 1093 650 et
1114 602 1199 652 has
1223 606 1424 670 quidem

104 671 297 737 paullo,
346 689 488 735 quam
514 671 651 730 illos,
697 669 995 733 diligentius3
1047 688 1245 734 quarum
1280 674 1423 724 etiam

103 739 214 786 facit
233 740 356 803 (non
386 738 498 786 satis
524 737 701 784 idonea
727 735 788 783 de
814 742 976 798 causa)
996 737 1165 784 classes
1193 740 1421 804 quinque.

105 804 236 852 Tum
271 819 383 869 post
415 804 623 852 indicata
665 802 930 852 sectionum
964 803 1253 867 singularum
1288 825 1425 870 argu-

104 884 262 919 menta
290 873 503 935 sequitur
535 872 658 918 liber
681 870 809 935 ipse,
845 883 891 917 et
915 870 1104 918 alternis
1125 872 1335 935 paginis,
1372 889 1424 924 vt

102 939 151 986 in
173 938 265 986 hac
284 953 445 986 nostra
461 938 704 995 editione,
733 936 972 1001 adscripta
992 937 1138 1001 ipsius
1161 940 1316 987 versio
1327 941 1423 989 La-

101 1005 209 1054 tina.
277 1005 383 1054 Hac
425 1005 639 1068 versione
687 1022 805 1053 vnus
853 1005 1067 1051 omnium
1110 1003 1426 1071 interpretum.

103 1089 245 1120 omne
280 1090 455 1119 munus
490 1071 757 1136 interpretis
794 1071 856 1118 ita
892 1071 1128 1136 expleuit,
1186 1087 1233 1121 vt
1278 1091 1422 1122 nemo

100 1139 301 1205 posthac
326 1140 493 1187 Latine
522 1138 653 1187 hunc
686 1138 862 1184 librum
891 1152 1072 1187 vertere
1097 1139 1270 1202 possit]
1306 1143 1426 1206 quin

101 1207 310 1254 deterius
342 1204 394 1252 id
425 1206 588 1266 faciat,
624 1204 716 1251 nisi
740 1204 861 1253 forte
881 1204 1042 1251 stilum
1066 1207 1274 1253 auctoris
1300 1209 1427 1273 puti-

100 1273 162 1321 da
195 1287 240 1320 et
276 1272 491 1330 curiosa,
524 1285 576 1318 vt
608 1271 671 1317 ita
701 1269 881 1329 dicam,
918 1269 1163 1334 diligentia
1190 1274 1305 1321 velit
1339 1291 1427 1322 ex·-

98 1340 318 1406 primere.
379 1339 503 1387 Nam
524 1338 654 1386 Mori
678 1337 830 1385 versio
853 1335 912 1384 ad
936 1337 1197 1385 orationem
1219 1342 1426 1389 auctoris

99 1409 200 1455 fere
233 1407 399 1467 habet,
462 1419 512 1455 vt
544 1404 765 1451 Tulliana
799 1404 1005 1451 breuitas
1055 1403 1115 1451 ad
1160 1405 1425 1455 Liuianam.

98 1472 555 1521 Animaduersiones
590 1471 638 1517 in
671 1471 765 1518 ima
799 1488 987 1535 quaque
1021 1471 1187 1535 pagina
1215 1474 1427 1523 subscri-

100 1554 208 1605 ptae
232 1555 353 1588 sunt.
398 1538 455 1585 In
477 1538 576 1599 his,
613 1550 663 1585 vt
684 1538 786 1601 ipse
808 1538 925 1584 dicit
943 1537 991 1585 in
1011 1537 1329 1602 praefatione,
1365 1542 1425 1589 ab

63 1622 65 1625 ·
102 1607 235 1653 omni
265 1606 455 1670 longius
489 1603 751 1651 disserendi
785 1604 988 1651 vanitate
1022 1605 1267 1662 abstinuit,
1320 1609 1425 1657 siue

101 1672 161 1720 de
182 1673 337 1721 verbis
357 1685 598 1734 ageretur,
634 1670 736 1716 siue
756 1668 817 1717 de
842 1670 998 1717 rebus,
1066 1672 1233 1737 Itaque
1256 1675 1295 1721 si
1318 1675 1425 1739 quis

98 1741 270 1805 passim
295 1739 458 1804 paullo
486 1737 704 1785 vberiora
728 1750 772 1783 et
797 1736 1099 1801 explicatiora
1122 1754 1280 1803 optet,
1317 1760 1426 1794 me-

96 1807 288 1854 minisse
322 1806 490 1863 debet,
528 1822 635 1851 eum
663 1820 759 1851 non
789 1804 889 1850 sine
911 1804 1160 1852 rationein
1183 1806 1256 1854 his
1279 1809 1425 1856 fuisse

97 1875 383 1922 breuiorem.
455 1872 516 1919 Et
550 1885 709 1918 tamen
744 1871 864 1917 nihil
892 1871 1030 1918 facile
1054 1873 1213 1920 omisit
1234 1881 1425 1932 (eorum

101 1940 328 2005 quidem,
367 1956 487 2003 qnae
511 1956 585 1985 res
611 1938 786 2002 poscit)
808 1938 866 1984 ab
891 1938 995 1984 aliis
1022 1953 1148 1986 recte
1172 1941 1423 2002 traditum,

101 2023 147 2055 ct
170 2008 320 2054 multa
343 2006 401 2053 de
430 2023 518 2053 suo
538 2003 748 2063 addidit,
795 2021 917 2069 quae
938 2004 1065 2069 apud
1088 2007 1207 2053 alios
1230 2008 1427 2056 deside-

98 2089 274 2121 rantur.
345 2073 472 2121 lnter
504 2073 588 2119 has
619 2071 1052 2119 animaduersiones
1088 2087 1134 2120 et
1162 2074 1273 2122 libri
1306 2093 1427 2123 con-

99 2154 281 2188 textum
303 2140 498 2200 singulis
523 2140 571 2186 in
599 2138 782 2202 paginis
804 2139 1039 2187 interiecit
1060 2138 1295 2202 diuersas,
1331 2160 1424 2207 pro

104 2209 242 2273 copia
258 2243 272 2268 ‚
309 2225 430 2272 quae
455 2206 549 2271 ipsi
569 2219 692 2264 erat,
736 2206 966 2253 lectiones
1001 2223 1027 2253 e
1051 2205 1192 2254 codd.
1217 2223 1262 2255 et
1291 2210 1427 2260 editt.

99 2276 290 2322 vetustis
321 2288 588 2339 excerptas3
624 2272 675 2319 in
703 2273 878 2337 quibus
906 2272 1048 2319 nimia
1082 2274 1291 2322 breuitas
1318 2295 1428 2340 pas-

100 2342 187 2388 sim
219 2342 491 2405 ambiguum
517 2340 656 2399 facit,
694 2339 812 2404 quid
840 2340 887 2386 in
916 2357 1110 2404 quoque
1138 2342 1264 2388 libro
1299 2343 1427 2407 lega..

99 2420 188 2454 tur.
258 2407 647 2471 Fragmentorum
704 2407 968 2454 versionem
1023 2407 1183 2454 omisit
1226 2409 1423 2470 Morus,

99 2475 410 2539 „quoniam“
454 2475 635 2537 (ipsius
665 2488 773 2521 sunt
805 2475 980 2538 verba)
1010 2475 1114 2534 „ab
1143 2475 1199 2521 iis
1231 2477 1330 2523 fere
1358 2477 1427 2525 le-

101 2555 301 2602 guntur,
339 2542 421 2605 qui
449 2542 547 2587 sine
580 2540 703 2588 duce
738 2540 960 2605 progredi
991 2554 1207 2605 possunt.
1223 2549 1257 2570 “
1324 2543 1426 2591 Sed

100 2607 244 2656 iidem
275 2625 427 2655 tamen
454 2608 673 2655 comitem
701 2607 789 2654 sibi
813 2608 1027 2654 oblatum
1053 2626 1148 2655 non
1168 2609 1308 2656 inuiti
1339 2609 1427 2657 ad-

102 2675 331 2725 sciscunt:
375 2691 422 2723 et
439 2688 679 2742 praeterea
698 2674 898 2725 instituti
919 2676 1098 2734 forma,
1131 2678 1207 2725 vel
1227 2691 1426 2743 propter

1027 2759 1055 2790 e
