1752 3118
453 293 755 335 -LONGINI
783 292 1013 334 FRAGM.
1037 293 1137 334 vm.
1333 311 1413 351 209

100 425 337 459 crescunt.
369 410 567 457 Comma
590 408 739 471 igitur
760 400 956 454 duobus
979 421 1060 454 aut
1083 407 1236 455 tribus
1256 411 1413 457 verbis

100 515 310 547 constat:
358 500 636 546 membrum
669 513 785 542 vero
815 496 1008 544 estveius
1032 496 1240 561 duplum
1253 498 1413 557 „siue

98 590 301 637 relatum
329 587 389 634 ad
417 587 542 635 illud
568 585 704 651 quasi
730 584 942 632 duorum
969 585 1284 634 articulorum-
1307 604 1416 634 ma—

97 676 399 742 gnitudinem
421 677 580 725 hahet.
626 674 758 722 Nam⁴
776 675 1072 739 appellatum
1101 690 1170 724 est
1197 692 1285 739 per
1310 692 1417 722 me·-

95 768 373 831 taphoram,
418 766 611 814 ductam
644 785 670 813 a
704 765 933 813 membris
966 765 1258 814 animalium.
1293 763 1417 814 ,Sed

95 858 327 922 pericopa
355 856 571 904 duorum
598 869 667 904 est
692 855 905 903 triumue
926 856 1289 917 membrorum,
1325 872 1415 920 pro
1460 879 1463 883 >

95 947 281 995 ratione
305 947 513 1012 partium
532 944 684 993 modo
698 944 947 992 dictarum.
972 944 1136 1010 Atque
1155 945 1258 1008 ipsa
1277 945 1415 992 etiam

96 1050 166 1084 est
202 1037 478 1101 composita.
548 1035 637 1083 Vti
681 1036 808 1083 enim
844 1034 1027 1099 pedum
1053 1034 1133 1080 alii
1173 1033 1417 1098 simplices

97 1126 440 1189 reperiuntur,
475 1124 556 1172 alii
587 1124 839 1188 dupliceS,
876 1142 931 1172 ex
961 1124 1057 1170 illis
1080 1141 1255 1187 nempe
1280 1142 1418 1170 eom-

94 1214 255 1279 positi,
279 1215 349 1261 sic
376 1229 422 1262 et
449 1228 702 1267 commata,
723 1213 942 1260 membra
964 1227 1009 1260 et
1030 1213 1289 1276 pericopae
1311 1201 1433 1277 par--

95 1303 184 1350 tim
209 1303 391 1351 hahent
413 1300 619 1349 modum
640 1301 915 1366 duplicem,
947 1302 1121 1366 partim
1146 1300 1414 1365 simplicem

98 1407 145 1440 et
163 1411 320 1440 suum.
366 1392 602 1440 Breuium
622 1385 944 1455 periodorum
966 1391 1184 1437 membra
1212 1404 1257 1438 et
1283 1391 1415 1456 peri-

98 1500 249 1546 copae
275 1495 386 1529 sunt
409 1481 580 1529 breues
597 1516 610 1540 ‚
645 1480 901 1543 longarum
924 1481 1108 1543 longae.
1179 1479 1480 1527 Pet-iodusffi

97 1586 258 1619 autem
287 1586 356 1619 est
380 1569 614 1618 sententia
642 1570 849 1617 oratoria
878 1568 1117 1634 rhythmis
1139 1583 1247 1634 apte
1280 1587 1418 1616 com-

96 1661 265 1726 positis
300 1675 345 1708 et
375 1658 606 1706 membris
629 1658 973 1724 pericopisque
997 1658 1119 1705 inter
1144 1676 1193 1706 se
1233 1668 1419 1707 conue-

97 1749 343 1797 nientibus
367 1747 591 1813 exposita.
653 1747 891 1795 Periodus
920 1765 1118 1812 quoque
1147 1751 1419 1814 appellatur

96 1858 186 1904 per
210 1838 557 1904 metaphoram,
592 1836 785 1884 ductam
807 1837 940 1883 illam
967 1852 1049 1885 aut
1069 1857 1094 1884 a
1113 1839 1318 1902 periodo
1340 1840 1421 1886 lu-

102 1927 279 1976 dorum
301 1928 642 1992 publicorum,
680 1927 766 1992 qui
803 1927 930 1974 statis
960 1928 1262 1992 temporibus
1285 1929 1420 1976 cele—

99 2017 227 2064 brati
264 2036 419 2083 aequo
455 2035 643 2081 semper
679 2017 937 2063 interuallo
966 2036 991 2063 a
1024 2035 1072 2065 se
1101 2017 1304 2077 distant3
1340 2031 1421 2064 aut

102 2106 160 2152 ab
182 2105 254 2166 iis,
274 2108 360 2171 qui
381 2108 565 2154 circum
589 2124 688 2152 aras
712 2120 792 2152 aut
813 2105 990 2154 lineam
1011 2125 1111 2154 aras
1132 2107 1422 2155 ambientem

104 2195 297 2255 saltant,
345 2211 389 2243 et
431 2197 515 2261 qui
554 2214 640 2261 per
674 2196 807 2241 illam
835 2196 883 2241 in
913 2196 1099 2243 circulo
1132 2210 1421 2255 mouentur,

106 2282 264 2330 donec
288 2283 349 2330 ad
369 2284 501 2334 idem
522 2286 710 2349 signum
736 2284 949 2332 saltando
974 2284 1232 2333 redierunt.
1268 2285 1423 2332 Etiam

103 2373 234 2419 illam
267 2374 510 2437 appellare
542 2375 754 2422 solemus
781 2374 1053 2439 periodum,
1094 2377 1232 2422 cuius
1265 2390 1423 2440 partes

103 2463 228 2509 inter
258 2481 307 2509 se
342 2481 438 2509 non
464 2464 787 2523 conueniunt3
823 2466 1050 2528 quoniam
1075 2465 1176 2512 cius
1204 2480 1331 2514 certe
1354 2484 1428 2512 ar-

106 2567 390 2616 gumentum
416 2552 619 2617 singulis
660 2554 905 2603 sententiis
944 2568 1194 2621 vtcunque
1236 2555 1427 2603 absolu-

104 2655 206 2689 tum
240 2656 319 2690 est·

1030 2733 1076 2781 Ο
