1752 3118
278 285 376 334 ET
405 281 762 333 SCRIPTIS
797 280 1431 342 LONGINI.1.xxx111

112 407 391 476 sophantes,
426 407 703 472 philologos
726 405 912 471 potius,
949 424 1097 471 quam
1114 407 1432 475 philosophos

112 473 363 540 appellent.

668 585 714 650 §·
749 585 858 634 vn.

209 677 276 725 At
298 694 412 727 vero
424 713 440 737 ,
478 692 616 742 quem
641 693 731 723 nos
755 674 1056 723 Platonicum
1079 673 1429 742 philosophum

109 741 336 805 dicimus,
391 743 682 810 Porphyrius
714 741 842 806 apud
869 741 1129 788 Eusebium
1161 741 1220 789 H.
1258 743 1306 791 E.
1345 745 1425 794 VI.

106 828 185 891 ²19.
209 829 298 875 pro
323 811 641 890 Pythagolico
660 810 883 856 habuisse
909 808 1114 856 videtum
1143 810 1303 875 συνῆν
1324 816 1426 891 γάρ

105 876 366 944 Ώριγενης
388 877 472 925 αεὶ
493 895 560 940 τῳ
583 874 853 933 Πλάτωνι,
889 883 995 932 τοῖς
1016 894 1070 922 τε
1100 878 1425 942 Νουμηνιόυ,

103 948 199 992 καὶ
221 943 477 1008 Κρονίου,
508 943 719 991 Ἀπολλο
722 961 925 1007 φανους
947 962 1001 990 τε
1021 945 1116 989 καὶ
1136 944 1424 1005 Λογγίνου,

103 1014 199 1058 καὶ
226 1010 557 1075 ΙΠοδεράτου,
591 963 905 1072 Νικομάχου
927 1029 982 1058 τε
1002 1014 1097 1056 καὶ
1115 1009 1216 1058 τῶν
1236 1015 1292 1059 ἐν
1315 1019 1423 1073 τοῖς

102 1077 488 1142 Πυθαγορείοις
531 1076 814 1138 ελλογίμων
858 1075 1060 1139 ἀνδρῶν
1094 1076 1273 1137 ὦμίλει
1306 1091 1422 1142 συγ·-

101 1143 419 1207 γράμμασιν.
467 1143 624 1200 Quem
647 1145 804 1191 locum
826 1145 920 1191 fine
943 1143 1034 1190 vlla
1055 1144 1315 1207 scripturae
1341 1159 1422 1193 vad
1459 1147 1465 1151 ’

102 1211 266 1262 rietate
302 1211 534 1275 excerpsit
566 1209 734 1258 Suidas
764 1227 804 1257 v.
834 1208 1106 1273 Ώριγένης.
1176 1211 1422 1261 Fabricius

101 1277 300 1341 quidem
330 1278 454 1325 Bibl.
482 1277 565 1324 Gr.
593 1275 732 1323 Tom.
765 1276 801 1323 l.
837 1295 879 1339 p.
915 1279 1021 1325 482.
1053 1279 1163 1337 494.
1198 1279 1420 1340 medens,

102 1361 266 1392 omues
316 1343 659 1410 philosophos,
722 1343 803 1409 qui
848 1343 928 1390 hic
964 1360 1417 1420 commenmrentur²

98 1408 442 1476 Pythagoricos
474 1427 603 1471 esse,
646 1427 744 1458 non
780 1408 1014 1457 dubitauit
1043 1424 1089 1457 et
1113 1410 1419 1477 A[›ollopha-'

99 1494 211 1529 nem
242 1492 289 1525 ct
316 1446 626 1542 Longinum&
615 1496 662 1524 m
693 1477 1116 1553 Pythagoricorum
1150 1479 1418 1548 catalogum
1467 1474 1474 1479 ⁶

100 1545 287 1592 referre.
355 1543 412 1592 In
460 1563 556 1609 quo
591 1543 771 1590 fallitur
804 1544 875 1591 vin
911 1542 1221 1592 doctissimus.
1276 1539 1419 1594 Nam

98 1563 489 1676 Apollophanesq
486 1610 673 1658 Stoicus
692 1610 806 1657 fuit:
830 1610 1122 1670 Numenius,
1148 1613 1267 1660 sicut
1280 1614 1418 1661 Lon—

98 1678 261 1739 ginus,
287 1678 584 1738 Platonicus3
609 1676 825 1740 quamuis
846 1691 946 1724 vtel
949 1694 1041 1741 que
1065 1677 1122 1723 de
1145 1678 1270 1725 illius
1294 1695 1418 1727 tcm-

97 1745 229 1808 poris
250 1762 381 1792 more
392 1744 461 1810 P)
452 1743 573 1791 ὼε(
547 1744 677 1808 gorio
684 1761 736 1790 ae
756 1742 1000 1790 doctrinae
1016 1742 1225 1791 studium
1241 1764 1418 1794 assum-

96 1810 240 1859 sisset.
294 1812 406 1859 Alia
429 1811 675 1858 difficultas
698 1808 826 1858 haud
846 1811 1007 1875 paullo
1033 1812 1419 1877 gnaui01,quam

95 1893 214 1925 vuus
235 1878 453 1926 Valesius
478 1895 565 1943 pro
599 1879 845 1942 sagacitate
878 1895 961 1924 sua
996 1879 1162 1938 sensit,
1201 1897 1256 1927 ex
1295 1880 1417 1928 Por-

94 1943 329 2020 phyriauo
350 1946 463 1994 loco
489 1945 710 1993 exoritur.
744 1945 867 1992 Nam
890 1945 1092 2009 primum
1123 1946 1283 1994 mirari
1304 1949 1416 1995 sub-

95 2012 159 2072 it,
194 2012 467 2075 Longinum
504 2031 613 2061 cum
648 2013 800 2059 multo
831 2011 1168 2060 vetustimibus
1200 2014 1418 2078 philoso-

94 2078 205 2143 phis
238 2080 490 2141 coniungi:
539 2079 670 2144 quod
698 2079 807 2126 artis
848 2078 1035 2126 criti‹ae
1074 2080 1224 2143 perito
1255 2082 1416 2130 statim'

96 2146 423 2221 suspicionem
446 2147 627 2194 iniiciat
657 2140 979 2222 corruptelae,
1014 2146 1064 2193 in
1096 2143 1297 2209 Longini
1323 2166 1416 2198 no-

95 2212 222 2260 mine
243 2213 490 2262 haerentis.
554 2212 677 2260 Tum
697 2213 851 2260 acrius
877 2213 1051 2272 telum,
1089 2212 1219 2276 quod
1246 2215 1415 2278 vulga-

97 2292 195 2326 tam
226 2280 478 2329 lectiouem
513 2299 708 2346 prorsus
736 2279 941 2343 iugulct,
979 2280 1118 2327 nobis
1144 2295 1416 2346 tempomm

97 2346 370 2410 suppeditat
413 2348 545 2396 ratio.
614 2348 752 2412 Nego
789 2347 945 2405 enim,
996 2347 1250 2412 Onigenem
1287 2349 1416 2396 Ada-

94 2414 353 2474 mantium,
397 2432 601 2479 eumque
635 2416 883 2473 iuuenem,
932 2414 1135 2476 Longini
1167 2416 1312 2463 libros
1343 2417 1416 2463 le-

98 2498 208 2544 gere
238 2483 474 2546 potuisse,
512 2481 669 2545 quod,
707 2499 804 2547 quo
834 2495 1048 2545 tempore
1077 2483 1353 2545 Origenes
1339 2501 1417 2529 lu-

97 2548 230 2595 venis
268 2547 598 2626 philosophiae
645 2567 835 2614 operam
872 2547 1037 2605 dabat,
1090 2547 1188 2597 hoc
1223 2563 1292 2596 est
1322 2549 1413 2596 sub

97 2613 253 2678 ipsum
277 2616 462 2664 initium
488 2616 637 2663 seculi
660 2616 798 2678 tertii,
825 2586 1038 2663 nonduni
1057 2616 1211 2663 lucem
1232 2614 1416 2663 viderat

96 2679 356 2747 Long'muS.
428 2682 596 2740 Quid
585 2700 630 2729 1⁰
602 2681 764 2764 gitur?
829 2682 878 2737 N
883 2700 1017 2798 enimse
1040 2701 1129 2749 pro
1152 2682 1416 2745 Aoyffc'vov

985 2767 1011 2796 2
