1752 3118
302 293 420 325 mv
520 229 900 319 RECENsio
946 251 1403 308 EDrrIoNVM

304 399 461 451 versio
479 390 681 455 Italica,
735 387 913 437 deinde¹
941 382 1136 431 Gallica.
1205 376 1294 424 His
1329 371 1623 436 subscriptae

305 465 502 530 singulis
525 464 577 524 in
601 458 779 524 paginis
798 468 938 503 notae
957 446 1183 499 Hudsoni
1196 480 1210 506 ,
1234 457 1280 490 et
1301 459 1416 506 quas
1432 437 1624 485 Tollius

303 533 511 585 versioni
536 528 748 576 Gallicae
775 520 1032 571 addiderat.
1098 515 1195 561 Pro
1217 508 1498 558 his'duabus
1525 520 1628 552 ver-

308 601 551 657 sionibus,
588 595 628 642 si
649 590 768 659 quid
788 602 1030 655 praeterea
1045 581 1255 629 iudicare
1275 576 1412 633 licet,
1438 571 1628 638 potiora

309 679 422 717 cum
450 665 644 713 delectu
671 678 696 707 e
718 654 870 724 prima
890 652 1096 702 editione
1122 643 1303 694 Pearcii
1330 636 1632 689 adsciscenda

310 748 453 785 erant.
486 730 584 779 Sed
601 729 727 776 hanc
752 723 957 772 editores
977 720 1117 785 plane
1136 711 1354 762 videntur
1372 708 1629 772 ignorasse.

411 801 583 850 Nouae
603 794 826 856 deinceps
849 786 1071 836 editionis
1092 798 1255 830 curam
1275 774 1484 839 suscepit
1509 772 1635 820 CAR.

309 866 740 920 HENR.HE1NEKE.
782 858 828 905 Is
850 857 1034 903 Graeca
1050 850 1196 898 verba
1215 864 1272 894 ex
1288 845 1433 892 altera
1452 837 1638 887 Pearcii

313 934 593 987 recensione
614 927 772 986 dedit,
796 937 1029 986 suamque
1051 916 1223 966 adiecit
1240 912 1505 962 versionem
1518 905 1639 952 Ger-

315 1003 559 1052 manicam.
629 997 762 1044 Haec
776 1029 789 1053 ‚
844 990 964 1039 olim
990 986 1216 1051 probata,
1259 977 1406 1027 hodie
1434 975 1511 1023 vix
1544 971 1641 1020 cui-

279 1134 281 1136 ·
316 1088 462 1136 quam
483 1067 670 1132 placere
687 1073 846 1126 potest
861 1093 875 1118 ,
912 1072 1022 1103 cum
1041 1052 1181 1099 etiam
1202 1062 1393 1095 sensum
1420 1039 1641 1100 auctoris,

318 1339 413 1405 ptis
436 1338 536 1384 eius
555 1334 673 1398 agit,
711 1345 758 1378 et
780 1323 1054 1388 diligentius
1078 1317 1311 1366 editiones
1335 1327 1382 1360 et
1405 1309 1647 1359 versiones

319 1418 560 1461 recenset,
581 1404 741 1463 'quam
762 1391 1009 1442 Fabricius
1029 1388 1081 1434 in
1096 1381 1329 1432 Biblioth.
1351 1379 1435 1425 Gr.
1458 1377 1650 1423 fecerat.

321 1472 479 1522 Multa
506 1469 621 1514 item
644 1465 733 1511 alia
754 1458 952 1507 inseruit
976 1452 1230 1505 historica,
1265 1464 1366 1494 non
1390 1441 1651 1491 necessaria

327 1535 527 1604 quidem
547 1532 759 1596 cognitu,
787 1524 874 1573 sed
895 1538 1053 1571 tamen
1073 1519 1132 1565 ab
1153 1512 1370 1563 instituto
1391 1528 1489 1557 non
1506 1509 1652 1571 longe

323 1617 522 1655 remota.
588 1601 646 1648 In
692 1586 1180 1644 animaduersionibus
1225 1596 1421 1646 quoque
1461 1576 1654 1623 Germa-

324 1672 445 1724 nicis
459 1708 474 1729 ‚
512 1669 700 1715 Graeco
722 1661 872 1711 textui
892 1672 939 1705 et
960 1652 1168 1706 versioni
1191 1645 1467 1709 subscriptis
1481 1680 1495 1706 ,
1532 1658 1659 1705 quae

326 1737 476 1803 magis
501 1735 561 1783 ad
591 1732 824 1797 πάρεργα
848 1724 1110 1791 pertinent,
1146 1735 1290 1782 quam
1311 1712 1373 1760 ad
1396 1710 1659 1765 emendari--¹

331 1806 451 1854 dum
472 1816 551 1851 aut
569 1796 906 1849 illustrandum
930 1792 1124 1846 librum,
1160 1781 1392 1832 nonnulla
1413 1776 1659 1843 persequi-

329 1887 410 1922 tur
446 1868 723 1935 copiosius,
769 1862 947 1928 quihus
982 1853 1228 1903 historiam
1263 1850 1528 1897 litterarum
1563 1861 1659 1890 am-

331 1941 546 2008 plificare
569 1931 841 1982 delectandi
865 1944 1006 1975 causa
1023 1923 1191 1971 solent.
1261 1914 1343 1964 Ad
1360 1913 1539 1961 calcem
1564 1916 1661 1975 po-⁴

334 2009 430 2055 suit
457 2001 833 2052 dissertationem
853 1996 917 2042 ita
941 1990 1237 2054 inscriptam:
1284 1981 1661 2038 Untersaclzung

335 2093 434 2126 von
454 2077 564 2121 dem
579 2108 592 2133 ,
617 2087 721 2117 was
733 2066 935 2126 Longin
953 2057 1210 2121 eigentliclz
1230 2051 1386 2100 durch
1404 2050 1496 2094 das
1510 2047 1581 2093 W
1584 2051 1662 2090 ort

337 2146 391 2193 E
399 2141 632 2191 rbaben
660 2135 890 2185 verstehe,
959 2128 1063 2175 Hac
1095 2121 1419 2170 definitionem
1455 2109 1663 2159 auctoris

341 2223 451 2256 sect.
480 2225 523 2269 7.
551 2205 706 2252 datam
730 2202 968 2248 illustrare
999 2207 1045 2240 et
1076 2186 1331 2243 defendere
1354 2193 1550 2229 conatus
1581 2190 1664 2224 est.

341 2276 458 2333 Quo
479 2290 603 2321 anno
624 2271 688 2318 H.
707 2269 917 2335 priorem
937 2260 1192 2310 editionem
1203 2248 1437 2319 parauerit
1450 2285 1464 2309 ,
1486 2244 1665 2303 nescio,

344 2360 501 2408 neque
524 2358 628 2388 eam
648 2337 761 2386 vidi.
825 2333 987 2382 Altera
1007 2323 1224 2374 Dresdae
1248 2317 1427 2384 prodiit
1447 2316 1584 2374 1742.
1622 2316 1665 2357 8.

450 2406 676 2474 Inprimis
704 2405 892 2467 elegans
916 2413 963 2446 et
984 2394 1110 2444 vtilis
1129 2392 1223 2437 iam
1248 2374 1668 2434 commemoranda

349 2492 446 2539 est,
483 2493 628 2540 quam
661 2469 912 2519 adornauit
939 2466 1055 2513 Sam.
1083 2460 1167 2507 FP..
1195 2457 1240 2504 N
1247 2469 1426 2502 ATHAN.
1456 2446 1641 2494 Monvs
1652 2453 1671 2505 ,‘

349 2544 570 2609 Lipsiae,
606 2544 745 2602 1769.
782 2542 825 2585 8.
895 2534 990 2580 Hic
1021 2520 1498 2591 „animaduersiones
1531 2514 1671 2559 inter-

350 2626 546 2677 pretum
559 2611 590 2638 “
608 2611 684 2670 (vt
697 2604 913 2654 modesta
930 2595 1177 2662 inscriptio
1198 2589 1362 2653 habet)
1389 2578 1670 2645 „excerpsit,

342 2696 460 2727 suas
495 2693 550 2729 et·
576 2693 754 2726 nouam
786 2670 1056 2722 versionem
1090 2659 1276 2711 adiecit.
1303 2658 1338 2710 §4
1405 2648 1504 2699 Sed
1537 2648 1675 2712 plura

1745 445 1752 510 —ms-
1744 345 1752 439 nmassx.
1746 324 1752 330 Ἴ
