<?xml version="1.0" encoding="UTF-8"?>
<!DOCTYPE html PUBLIC "-//W3C//DTD XHTML 1.0 Transitional//EN"
    "http://www.w3.org/TR/xhtml1/DTD/xhtml1-transitional.dtd">
<html xmlns="http://www.w3.org/1999/xhtml" xml:lang="en" lang="en">
 <head>
  <title>
</title>
<meta http-equiv="Content-Type" content="text/html;charset=utf-8" />
  <meta name='ocr-system' content='tesseract 3.04.00' />
  <meta name='ocr-capabilities' content='ocr_page ocr_carea ocr_par ocr_line ocrx_word'/>
</head>
<body>
  <div class='ocr_page' id='page_1' title='image "./dionysiilonginid00long_0245.png"; bbox 0 0 1752 3118; ppageno 0'>
   <div class='ocr_carea' id='block_1_1' title="bbox 281 187 1441 278">
    <p class='ocr_par' dir='ltr' id='par_1_1' title="bbox 281 187 1441 278">
     <span class='ocr_line' id='line_1_1' title="bbox 281 187 1441 278; baseline 0.003 -15"><span class='ocrx_word' id='word_1_1' title='bbox 281 222 585 277; x_wconf 63' lang='lat' dir='ltr'>tonsum</span> <span class='ocrx_word' id='word_1_2' title='bbox 611 187 695 262; x_wconf 70' lang='lat' dir='ltr'>niz</span> <span class='ocrx_word' id='word_1_3' title='bbox 735 219 913 264; x_wconf 67' lang='lat' dir='ltr'>svnt.</span> <span class='ocrx_word' id='word_1_4' title='bbox 949 218 1125 264; x_wconf 65' lang='lat' dir='ltr'>secr.</span> <span class='ocrx_word' id='word_1_5' title='bbox 1164 223 1269 264; x_wconf 75' lang='lat' dir='ltr'>xri.</span> <span class='ocrx_word' id='word_1_6' title='bbox 1390 237 1441 278; x_wconf 85' lang='lat'>71</span> 
     </span>
    </p>
   </div>
   <div class='ocr_carea' id='block_1_2' title="bbox 104 333 1526 2646">
    <p class='ocr_par' dir='ltr' id='par_1_2' title="bbox 104 333 1526 2646">
     <span class='ocr_line' id='line_1_2' title="bbox 118 333 1512 403; baseline -0.001 -16"><span class='ocrx_word' id='word_1_7' title='bbox 118 338 362 387; x_wconf 85' lang='lat' dir='ltr'><strong>auditores</strong></span> <span class='ocrx_word' id='word_1_8' title='bbox 374 353 539 385; x_wconf 88' lang='lat' dir='ltr'>secum</span> <span class='ocrx_word' id='word_1_9' title='bbox 554 335 722 403; x_wconf 68' lang='lat' dir='ltr'>aufert.</span> <span class='ocrx_word' id='word_1_10' title='bbox 777 334 855 384; x_wconf 90' lang='lat' dir='ltr'>Ac</span> <span class='ocrx_word' id='word_1_11' title='bbox 879 333 1062 383; x_wconf 87' lang='lat' dir='ltr'>semina</span> <span class='ocrx_word' id='word_1_12' title='bbox 1082 335 1285 400; x_wconf 87' lang='lat' dir='ltr'>quidem</span> <span class='ocrx_word' id='word_1_13' title='bbox 1300 336 1447 385; x_wconf 91' lang='lat' dir='ltr'>huius</span> <span class='ocrx_word' id='word_1_14' title='bbox 1481 349 1512 395; x_wconf 82' lang='lat'>5</span> 
     </span>
     <span class='ocr_line' id='line_1_3' title="bbox 116 410 1452 491; baseline -0.003 -14"><span class='ocrx_word' id='word_1_15' title='bbox 116 423 428 486; x_wconf 84' lang='lat' dir='ltr'>iurisiurandi</span> <span class='ocrx_word' id='word_1_16' title='bbox 443 410 577 491; x_wconf 86' lang='lat' dir='ltr'>apud</span> <span class='ocrx_word' id='word_1_17' title='bbox 598 422 893 490; x_wconf 85' lang='lat' dir='ltr'>Eupolidem</span> <span class='ocrx_word' id='word_1_18' title='bbox 906 440 1007 472; x_wconf 89' lang='lat' dir='ltr'>esse</span> <span class='ocrx_word' id='word_1_19' title='bbox 1024 423 1300 490; x_wconf 87' lang='lat' dir='ltr'>perhibent,</span> <span class='ocrx_word' id='word_1_20' title='bbox 1318 426 1452 490; x_wconf 90' lang='lat' dir='ltr'>apud</span> 
     </span>
     <span class='ocr_line' id='line_1_4' title="bbox 119 511 1454 584; baseline -0.002 -17"><span class='ocrx_word' id='word_1_21' title='bbox 119 535 267 584; x_wconf 84' lang='lat' dir='ltr'>quem</span> <span class='ocrx_word' id='word_1_22' title='bbox 293 514 483 580; x_wconf 87' lang='lat' dir='ltr'>aliquis,</span> <span class='ocrx_word' id='word_1_23' title='bbox 521 517 680 575; x_wconf 83' lang='lat' dir='ltr'>Nemo</span> <span class='ocrx_word' id='word_1_24' title='bbox 715 511 902 575; x_wconf 71' lang='lat' dir='ltr'>eordm,</span> <span class='ocrx_word' id='word_1_25' title='bbox 921 513 1096 579; x_wconf 86' lang='lat' dir='ltr'>inquit,</span> <span class='ocrx_word' id='word_1_26' title='bbox 1110 524 1211 577; x_wconf 79' lang='lat' dir='ltr'>per</span> <span class='ocrx_word' id='word_1_27' title='bbox 1237 532 1347 563; x_wconf 87' lang='lat' dir='ltr'>mea</span> <span class='ocrx_word' id='word_1_28' title='bbox 1382 520 1454 564; x_wconf 83' lang='lat' dir='ltr'>ad</span> 
     </span>
     <span class='ocr_line' id='line_1_5' title="bbox 117 604 1449 675; baseline -0.002 -19"><span class='ocrx_word' id='word_1_29' title='bbox 117 607 470 667; x_wconf 79' lang='lat' dir='ltr'>Marathonem</span> <span class='ocrx_word' id='word_1_30' title='bbox 481 604 634 666; x_wconf 84' lang='lat' dir='ltr'>facta</span> <span class='ocrx_word' id='word_1_31' title='bbox 665 608 790 663; x_wconf 82' lang='lat' dir='ltr'>iuro,</span> <span class='ocrx_word' id='word_1_32' title='bbox 812 607 1013 662; x_wconf 75' lang='lat' dir='ltr'>impune</span> <span class='ocrx_word' id='word_1_33' title='bbox 1044 605 1265 675; x_wconf 65' lang='lat' dir='ltr'>animum</span> <span class='ocrx_word' id='word_1_34' title='bbox 1287 623 1449 653; x_wconf 78' lang='lat' dir='ltr'>meum</span> 
     </span>
     <span class='ocr_line' id='line_1_6' title="bbox 118 690 1448 762; baseline -0.004 -16"><span class='ocrx_word' id='word_1_35' title='bbox 118 696 436 746; x_wconf 70' lang='lat' dir='ltr'><em>contristabit.</em></span> <span class='ocrx_word' id='word_1_36' title='bbox 472 692 696 754; x_wconf 21' lang='lat' dir='ltr'>Sed-non</span> <span class='ocrx_word' id='word_1_37' title='bbox 717 692 977 762; x_wconf 88' lang='lat' dir='ltr'>quodlibet</span> <span class='ocrx_word' id='word_1_38' title='bbox 1002 690 1342 741; x_wconf 84' lang='lat' dir='ltr'>iusiurandum</span> <span class='ocrx_word' id='word_1_39' title='bbox 1371 711 1448 741; x_wconf 83' lang='lat' dir='ltr'>su-</span> 
     </span>
     <span class='ocr_line' id='line_1_7' title="bbox 117 781 1449 850; baseline -0.001 -18"><span class='ocrx_word' id='word_1_40' title='bbox 117 785 271 844; x_wconf 75' lang='lat' dir='ltr'>blime</span> <span class='ocrx_word' id='word_1_41' title='bbox 296 798 381 846; x_wconf 83' lang='lat' dir='ltr'>est3</span> <span class='ocrx_word' id='word_1_42' title='bbox 403 783 530 832; x_wconf 90' lang='lat' dir='ltr'>illud</span> <span class='ocrx_word' id='word_1_43' title='bbox 551 784 716 850; x_wconf 86' lang='lat' dir='ltr'>potius</span> <span class='ocrx_word' id='word_1_44' title='bbox 736 783 1020 841; x_wconf 88' lang='lat' dir='ltr'>videndum,</span> <span class='ocrx_word' id='word_1_45' title='bbox 1044 783 1144 844; x_wconf 85' lang='lat' dir='ltr'>vbi,</span> <span class='ocrx_word' id='word_1_46' title='bbox 1181 781 1449 848; x_wconf 91' lang='lat' dir='ltr'>quomodo,</span> 
     </span>
     <span class='ocr_line' id='line_1_8' title="bbox 120 865 1444 944; baseline -0.002 -22"><span class='ocrx_word' id='word_1_47' title='bbox 120 892 219 940; x_wconf 87' lang='lat' dir='ltr'>quo</span> <span class='ocrx_word' id='word_1_48' title='bbox 242 865 480 940; x_wconf 87' lang='lat' dir='ltr'>tempore,</span> <span class='ocrx_word' id='word_1_49' title='bbox 513 889 559 924; x_wconf 89' lang='lat' dir='ltr'>et</span> <span class='ocrx_word' id='word_1_50' title='bbox 582 893 679 941; x_wconf 91' lang='lat' dir='ltr'>qua</span> <span class='ocrx_word' id='word_1_51' title='bbox 705 874 768 924; x_wconf 90' lang='lat' dir='ltr'>de</span> <span class='ocrx_word' id='word_1_52' title='bbox 794 893 933 923; x_wconf 87' lang='lat' dir='ltr'>causa</span> <span class='ocrx_word' id='word_1_53' title='bbox 954 873 1066 940; x_wconf 87' lang='lat' dir='ltr'>quis</span> <span class='ocrx_word' id='word_1_54' title='bbox 1092 871 1234 944; x_wconf 57' lang='lat' dir='ltr'>iuret7</span> <span class='ocrx_word' id='word_1_55' title='bbox 1292 872 1444 938; x_wconf 85' lang='lat' dir='ltr'><strong>Apud</strong></span> 
     </span>
     <span class='ocr_line' id='line_1_9' title="bbox 116 948 1452 1031; baseline -0.001 -18"><span class='ocrx_word' id='word_1_56' title='bbox 116 964 419 1031; x_wconf 88' lang='lat' dir='ltr'>Eupolidem</span> <span class='ocrx_word' id='word_1_57' title='bbox 459 981 572 1028; x_wconf 84' lang='lat' dir='ltr'>ergo</span> <span class='ocrx_word' id='word_1_58' title='bbox 611 964 681 1011; x_wconf 86' lang='lat' dir='ltr'>nil</span> <span class='ocrx_word' id='word_1_59' title='bbox 707 965 799 1012; x_wconf 89' lang='lat' dir='ltr'>nisi</span> <span class='ocrx_word' id='word_1_60' title='bbox 832 964 1175 1013; x_wconf 86' lang='lat' dir='ltr'>iusiurandum</span> <span class='ocrx_word' id='word_1_61' title='bbox 1211 948 1452 1026; x_wconf 70' lang='lat' dir='ltr'>occur1·it,&#39;</span> 
     </span>
     <span class='ocr_line' id='line_1_10' title="bbox 118 1046 1526 1120; baseline -0.001 -18"><span class='ocrx_word' id='word_1_62' title='bbox 118 1053 272 1120; x_wconf 89' lang='lat' dir='ltr'>idque</span> <span class='ocrx_word' id='word_1_63' title='bbox 302 1072 466 1103; x_wconf 84' lang='lat' dir='ltr'>coram</span> <span class='ocrx_word' id='word_1_64' title='bbox 487 1053 544 1101; x_wconf 92' lang='lat' dir='ltr'>iis</span> <span class='ocrx_word' id='word_1_65' title='bbox 567 1052 963 1112; x_wconf 80' lang='lat' dir='ltr'>Atheniensibus,</span> <span class='ocrx_word' id='word_1_66' title='bbox 983 1054 1071 1120; x_wconf 87' lang='lat' dir='ltr'>qui</span> <span class='ocrx_word' id='word_1_67' title='bbox 1097 1055 1263 1103; x_wconf 88' lang='lat' dir='ltr'>felices</span> <span class='ocrx_word' id='word_1_68' title='bbox 1284 1053 1449 1101; x_wconf 82' lang='lat' dir='ltr'>adhuc</span> <span class='ocrx_word' id='word_1_69' title='bbox 1519 1046 1526 1052; x_wconf 45' lang='lat'><em>¹</em></span> 
     </span>
     <span class='ocr_line' id='line_1_11' title="bbox 120 1126 1447 1207; baseline -0.002 -15"><span class='ocrx_word' id='word_1_70' title='bbox 120 1158 278 1206; x_wconf 88' lang='lat' dir='ltr'>erant,</span> <span class='ocrx_word' id='word_1_71' title='bbox 320 1161 413 1192; x_wconf 87' lang='lat' dir='ltr'>nec</span> <span class='ocrx_word' id='word_1_72' title='bbox 451 1142 781 1190; x_wconf 82' lang='lat' dir='ltr'>consolatione</span> <span class='ocrx_word' id='word_1_73' title='bbox 818 1143 1032 1206; x_wconf 83' lang='lat' dir='ltr'>egebant.</span> <span class='ocrx_word' id='word_1_74' title='bbox 1116 1143 1294 1207; x_wconf 87' lang='lat' dir='ltr'><strong>Neque</strong></span> <span class='ocrx_word' id='word_1_75' title='bbox 1330 1126 1447 1191; x_wconf 49' lang='lat' dir='ltr'>Vero</span> 
     </span>
     <span class='ocr_line' id='line_1_12' title="bbox 116 1230 1450 1295; baseline -0.001 -15"><span class='ocrx_word' id='word_1_76' title='bbox 116 1232 183 1280; x_wconf 88' lang='lat' dir='ltr'>ita</span> <span class='ocrx_word' id='word_1_77' title='bbox 216 1232 422 1292; x_wconf 85' lang='lat' dir='ltr'>iurauit,</span> <span class='ocrx_word' id='word_1_78' title='bbox 456 1245 507 1280; x_wconf 86' lang='lat' dir='ltr'>vt</span> <span class='ocrx_word' id='word_1_79' title='bbox 539 1230 826 1288; x_wconf 82' lang='lat' dir='ltr'>hominibus</span> <span class='ocrx_word' id='word_1_80' title='bbox 863 1231 1165 1280; x_wconf 81' lang='lat' dir='ltr'>diuinitatem</span> <span class='ocrx_word' id='word_1_81' title='bbox 1198 1231 1450 1295; x_wconf 80' lang='lat' dir='ltr'>tribueret,</span> 
     </span>
     <span class='ocr_line' id='line_1_13' title="bbox 119 1319 1450 1387; baseline 0 -20"><span class='ocrx_word' id='word_1_82' title='bbox 119 1319 365 1387; x_wconf 86' lang='lat' dir='ltr'>dignaque</span> <span class='ocrx_word' id='word_1_83' title='bbox 399 1322 578 1371; x_wconf 86' lang='lat' dir='ltr'>virtute</span> <span class='ocrx_word' id='word_1_84' title='bbox 612 1321 697 1370; x_wconf 86' lang='lat' dir='ltr'>illa</span> <span class='ocrx_word' id='word_1_85' title='bbox 741 1322 1030 1386; x_wconf 84' lang='lat' dir='ltr'>cogitatione</span> <span class='ocrx_word' id='word_1_86' title='bbox 1076 1320 1324 1369; x_wconf 84' lang='lat' dir='ltr'>auditores</span> <span class='ocrx_word' id='word_1_87' title='bbox 1368 1339 1450 1368; x_wconf 86' lang='lat' dir='ltr'>re·-</span> 
     </span>
     <span class='ocr_line' id='line_1_14' title="bbox 116 1410 1450 1476; baseline 0.001 -20"><span class='ocrx_word' id='word_1_88' title='bbox 116 1410 300 1475; x_wconf 83' lang='lat' dir='ltr'>pleret3</span> <span class='ocrx_word' id='word_1_89' title='bbox 342 1411 430 1460; x_wconf 90' lang='lat' dir='ltr'>sed</span> <span class='ocrx_word' id='word_1_90' title='bbox 463 1430 490 1458; x_wconf 86' lang='lat' dir='ltr'>a</span> <span class='ocrx_word' id='word_1_91' title='bbox 526 1410 855 1476; x_wconf 83' lang='lat' dir='ltr'>pugnantibus</span> <span class='ocrx_word' id='word_1_92' title='bbox 888 1411 952 1460; x_wconf 88' lang='lat' dir='ltr'>ad</span> <span class='ocrx_word' id='word_1_93' title='bbox 986 1429 1090 1460; x_wconf 90' lang='lat' dir='ltr'>rem</span> <span class='ocrx_word' id='word_1_94' title='bbox 1123 1410 1450 1472; x_wconf 84' lang='lat' dir='ltr'>inanimatam,</span> 
     </span>
     <span class='ocr_line' id='line_1_15' title="bbox 110 1496 1516 1566; baseline 0.001 -19"><span class='ocrx_word' id='word_1_95' title='bbox 110 1496 216 1553; x_wconf 73' lang='lat' dir='ltr'>‚boc</span> <span class='ocrx_word' id='word_1_96' title='bbox 253 1515 347 1560; x_wconf 86' lang='lat' dir='ltr'>est,</span> <span class='ocrx_word' id='word_1_97' title='bbox 387 1500 449 1549; x_wconf 86' lang='lat' dir='ltr'>ad</span> <span class='ocrx_word' id='word_1_98' title='bbox 498 1501 743 1566; x_wconf 87' lang='lat' dir='ltr'>proelium</span> <span class='ocrx_word' id='word_1_99' title='bbox 788 1499 998 1551; x_wconf 88' lang='lat' dir='ltr'>deflexit.</span> <span class='ocrx_word' id='word_1_100' title='bbox 1086 1499 1448 1550; x_wconf 84' lang='lat' dir='ltr'>Demosthenes</span> <span class='ocrx_word' id='word_1_101' title='bbox 1484 1503 1516 1548; x_wconf 86' lang='lat'>4</span> 
     </span>
     <span class='ocr_line' id='line_1_16' title="bbox 116 1588 1449 1654; baseline 0.002 -17"><span class='ocrx_word' id='word_1_102' title='bbox 116 1605 236 1637; x_wconf 77' lang='lat' dir='ltr'>vero</span> <span class='ocrx_word' id='word_1_103' title='bbox 271 1588 406 1654; x_wconf 80' lang='lat' dir='ltr'>apud</span> <span class='ocrx_word' id='word_1_104' title='bbox 439 1590 595 1638; x_wconf 86' lang='lat' dir='ltr'>victos</span> <span class='ocrx_word' id='word_1_105' title='bbox 631 1592 700 1638; x_wconf 89' lang='lat' dir='ltr'>sic</span> <span class='ocrx_word' id='word_1_106' title='bbox 735 1590 884 1639; x_wconf 85' lang='lat' dir='ltr'>vtitur</span> <span class='ocrx_word' id='word_1_107' title='bbox 917 1589 1266 1651; x_wconf 81' lang='lat' dir='ltr'>iureiurando,</span> <span class='ocrx_word' id='word_1_108' title='bbox 1300 1604 1352 1638; x_wconf 88' lang='lat' dir='ltr'>vt</span> <span class='ocrx_word' id='word_1_109' title='bbox 1386 1608 1449 1639; x_wconf 83' lang='lat' dir='ltr'>ne</span> 
     </span>
     <span class='ocr_line' id='line_1_17' title="bbox 111 1677 1449 1746; baseline 0.001 -21"><span class='ocrx_word' id='word_1_110' title='bbox 111 1677 405 1730; x_wconf 60' lang='lat' dir='ltr'>,Chaeronea</span> <span class='ocrx_word' id='word_1_111' title='bbox 439 1677 823 1728; x_wconf 88' lang='lat' dir='ltr'>Atheniensibus</span> <span class='ocrx_word' id='word_1_112' title='bbox 858 1680 1067 1746; x_wconf 85' lang='lat' dir='ltr'>amplius</span> <span class='ocrx_word' id='word_1_113' title='bbox 1094 1679 1259 1728; x_wconf 86' lang='lat' dir='ltr'>clades</span> <span class='ocrx_word' id='word_1_114' title='bbox 1283 1677 1449 1726; x_wconf 85' lang='lat' dir='ltr'>videa-</span> 
     </span>
     <span class='ocr_line' id='line_1_18' title="bbox 116 1767 1451 1835; baseline 0 -20"><span class='ocrx_word' id='word_1_115' title='bbox 116 1781 209 1816; x_wconf 80' lang='lat' dir='ltr'>tur.</span> <span class='ocrx_word' id='word_1_116' title='bbox 279 1767 434 1832; x_wconf 84' lang='lat' dir='ltr'>Igitur</span> <span class='ocrx_word' id='word_1_117' title='bbox 471 1767 641 1817; x_wconf 87' lang='lat' dir='ltr'>eadem</span> <span class='ocrx_word' id='word_1_118' title='bbox 676 1787 851 1835; x_wconf 79' lang='lat' dir='ltr'>opera,</span> <span class='ocrx_word' id='word_1_119' title='bbox 886 1784 938 1819; x_wconf 87' lang='lat' dir='ltr'>vt</span> <span class='ocrx_word' id='word_1_120' title='bbox 974 1769 1106 1832; x_wconf 85' lang='lat' dir='ltr'>dixi,</span> <span class='ocrx_word' id='word_1_121' title='bbox 1159 1785 1206 1819; x_wconf 81' lang='lat' dir='ltr'>et</span> <span class='ocrx_word' id='word_1_122' title='bbox 1238 1769 1451 1818; x_wconf 83' lang='lat' dir='ltr'>demon-·</span> 
     </span>
     <span class='ocr_line' id='line_1_19' title="bbox 109 1857 1447 1925; baseline 0.001 -20"><span class='ocrx_word' id='word_1_123' title='bbox 109 1871 276 1920; x_wconf 60' lang='lat' dir='ltr'>strat,</span> <span class='ocrx_word' id='word_1_124' title='bbox 306 1857 430 1905; x_wconf 89' lang='lat' dir='ltr'>nihil</span> <span class='ocrx_word' id='word_1_125' title='bbox 471 1873 730 1924; x_wconf 85' lang='lat' dir='ltr'>peccatum</span> <span class='ocrx_word' id='word_1_126' title='bbox 780 1876 905 1923; x_wconf 86' lang='lat' dir='ltr'>esse,</span> <span class='ocrx_word' id='word_1_127' title='bbox 952 1875 998 1909; x_wconf 89' lang='lat' dir='ltr'>et</span> <span class='ocrx_word' id='word_1_128' title='bbox 1046 1861 1303 1925; x_wconf 81' lang='lat' dir='ltr'>exemplo,</span> <span class='ocrx_word' id='word_1_129' title='bbox 1346 1857 1447 1907; x_wconf 89' lang='lat' dir='ltr'>fide</span> 
     </span>
     <span class='ocr_line' id='line_1_20' title="bbox 106 1945 1450 2013; baseline 0.002 -20"><span class='ocrx_word' id='word_1_130' title='bbox 106 1945 457 2011; x_wconf 73' lang='lat' dir='ltr'>iurisiurandi,</span> <span class='ocrx_word' id='word_1_131' title='bbox 500 1947 649 1996; x_wconf 90' lang='lat' dir='ltr'>laude</span> <span class='ocrx_word' id='word_1_132' title='bbox 674 1963 733 1997; x_wconf 83' lang='lat' dir='ltr'>et</span> <span class='ocrx_word' id='word_1_133' title='bbox 768 1948 1108 1998; x_wconf 83' lang='lat' dir='ltr'>cohortatione</span> <span class='ocrx_word' id='word_1_134' title='bbox 1143 1947 1450 2013; x_wconf 80' lang='lat' dir='ltr'>defungitur.</span> 
     </span>
     <span class='ocr_line' id='line_1_21' title="bbox 117 2035 1451 2105; baseline 0.001 -21"><span class='ocrx_word' id='word_1_135' title='bbox 117 2035 220 2085; x_wconf 87' lang='lat' dir='ltr'>Sed</span> <span class='ocrx_word' id='word_1_136' title='bbox 254 2037 485 2102; x_wconf 82' lang='lat' dir='ltr'>quoniam</span> <span class='ocrx_word' id='word_1_137' title='bbox 522 2037 565 2086; x_wconf 90' lang='lat' dir='ltr'>ei</span> <span class='ocrx_word' id='word_1_138' title='bbox 599 2037 729 2086; x_wconf 92' lang='lat' dir='ltr'>illud</span> <span class='ocrx_word' id='word_1_139' title='bbox 764 2041 1078 2089; x_wconf 47' lang='lat' dir='ltr'>occutssziebat</span> <span class='ocrx_word' id='word_1_140' title='bbox 1112 2041 1359 2105; x_wconf 81' lang='lat' dir='ltr'>Loqueris</span> <span class='ocrx_word' id='word_1_141' title='bbox 1387 2041 1451 2086; x_wconf 78' lang='lat' dir='ltr'>de</span> 
     </span>
     <span class='ocr_line' id='line_1_22' title="bbox 117 2116 1451 2191; baseline 0.001 -17"><span class='ocrx_word' id='word_1_142' title='bbox 117 2128 282 2188; x_wconf 81' lang='lat' dir='ltr'>clade,</span> <span class='ocrx_word' id='word_1_143' title='bbox 316 2145 444 2191; x_wconf 83' lang='lat' dir='ltr'>quae</span> <span class='ocrx_word' id='word_1_144' title='bbox 477 2137 525 2176; x_wconf 82' lang='lat' dir='ltr'>te</span> <span class='ocrx_word' id='word_1_145' title='bbox 558 2116 943 2191; x_wconf 81' lang='lat' dir='ltr'>rempublicam</span> <span class='ocrx_word' id='word_1_146' title='bbox 952 2132 1330 2178; x_wconf 74' lang='lat' dir='ltr'>administrante</span> <span class='ocrx_word' id='word_1_147' title='bbox 1373 2146 1451 2176; x_wconf 54' lang='lat' dir='ltr'>aea</span> 
     </span>
     <span class='ocr_line' id='line_1_23' title="bbox 104 2221 1451 2286; baseline -0.001 -21"><span class='ocrx_word' id='word_1_148' title='bbox 104 2223 264 2277; x_wconf 16' lang='lat' dir='ltr'>*cepta</span> <span class='ocrx_word' id='word_1_149' title='bbox 297 2225 396 2276; x_wconf 78' lang='lat' dir='ltr'>est,</span> <span class='ocrx_word' id='word_1_150' title='bbox 430 2226 478 2264; x_wconf 85' lang='lat' dir='ltr'>et</span> <span class='ocrx_word' id='word_1_151' title='bbox 502 2226 683 2280; x_wconf 81' lang='lat' dir='ltr'>postea</span> <span class='ocrx_word' id='word_1_152' title='bbox 708 2236 811 2281; x_wconf 83' lang='lat' dir='ltr'>per</span> <span class='ocrx_word' id='word_1_153' title='bbox 843 2221 1076 2268; x_wconf 75' lang='lat' dir='ltr'>victorias·</span> <span class='ocrx_word' id='word_1_154' title='bbox 1119 2222 1287 2268; x_wconf 80' lang='lat' dir='ltr'>iuras:</span> <span class='ocrx_word' id='word_1_155' title='bbox 1307 2235 1451 2286; x_wconf 62' lang='grc' dir='ltr'>ιΠΟΥ--</span> 
     </span>
     <span class='ocr_line' id='line_1_24' title="bbox 119 2303 1451 2375; baseline 0.004 -26"><span class='ocrx_word' id='word_1_156' title='bbox 119 2320 251 2350; x_wconf 86' lang='lat' dir='ltr'>mam</span> <span class='ocrx_word' id='word_1_157' title='bbox 284 2303 337 2351; x_wconf 88' lang='lat' dir='ltr'>iu</span> <span class='ocrx_word' id='word_1_158' title='bbox 370 2319 620 2370; x_wconf 88' lang='lat' dir='ltr'>posterum</span> <span class='ocrx_word' id='word_1_159' title='bbox 653 2307 976 2375; x_wconf 87' lang='lat' dir='ltr'>scriptoribus</span> <span class='ocrx_word' id='word_1_160' title='bbox 995 2307 1262 2368; x_wconf 85' lang='lat' dir='ltr'>constituit,</span> <span class='ocrx_word' id='word_1_161' title='bbox 1301 2322 1347 2356; x_wconf 86' lang='lat' dir='ltr'>et</span> <span class='ocrx_word' id='word_1_162' title='bbox 1371 2307 1451 2355; x_wconf 88' lang='lat' dir='ltr'>vel</span> 
     </span>
     <span class='ocr_line' id='line_1_25' title="bbox 119 2391 1449 2465; baseline 0.004 -27"><span class='ocrx_word' id='word_1_163' title='bbox 119 2391 363 2440; x_wconf 82' lang='lat' dir='ltr'>vocabula</span> <span class='ocrx_word' id='word_1_164' title='bbox 398 2409 533 2445; x_wconf 86' lang='lat' dir='ltr'>caute</span> <span class='ocrx_word' id='word_1_165' title='bbox 567 2413 785 2463; x_wconf 82' lang='lat' dir='ltr'>vsurpat‚</span> <span class='ocrx_word' id='word_1_166' title='bbox 821 2416 981 2465; x_wconf 88' lang='lat' dir='ltr'>eoque</span> <span class='ocrx_word' id='word_1_167' title='bbox 1016 2397 1187 2460; x_wconf 81' lang='lat' dir='ltr'>docet,</span> <span class='ocrx_word' id='word_1_168' title='bbox 1221 2397 1362 2446; x_wconf 83' lang='lat' dir='ltr'>etiam</span> <span class='ocrx_word' id='word_1_169' title='bbox 1396 2397 1449 2443; x_wconf 86' lang='lat' dir='ltr'>in</span> 
     </span>
     <span class='ocr_line' id='line_1_26' title="bbox 119 2480 1450 2541; baseline 0 -8"><span class='ocrx_word' id='word_1_170' title='bbox 119 2480 538 2534; x_wconf 75' lang='lat' dir='ltr'>vehementissima</span> <span class='ocrx_word' id='word_1_171' title='bbox 574 2485 724 2536; x_wconf 83' lang='lat' dir='ltr'>animi</span> <span class='ocrx_word' id='word_1_172' title='bbox 761 2489 1095 2539; x_wconf 86' lang='lat' dir='ltr'>commotione</span> <span class='ocrx_word' id='word_1_173' title='bbox 1131 2487 1322 2541; x_wconf 89' lang='lat' dir='ltr'>sobrios</span> <span class='ocrx_word' id='word_1_174' title='bbox 1359 2504 1450 2534; x_wconf 81' lang='lat' dir='ltr'>nos</span> 
     </span>
     <span class='ocr_line' id='line_1_27' title="bbox 124 2562 1448 2646; baseline 0 -23"><span class='ocrx_word' id='word_1_175' title='bbox 124 2589 226 2623; x_wconf 86' lang='lat' dir='ltr'>esse</span> <span class='ocrx_word' id='word_1_176' title='bbox 261 2589 499 2639; x_wconf 82' lang='lat' dir='ltr'>oportere.</span> <span class='ocrx_word' id='word_1_177' title='bbox 564 2562 720 2643; x_wconf 80' lang='lat' dir='ltr'>Nam,</span> <span class='ocrx_word' id='word_1_178' title='bbox 763 2579 852 2646; x_wconf 87' lang='lat' dir='ltr'>qui</span> <span class='ocrx_word' id='word_1_179' title='bbox 907 2578 969 2628; x_wconf 85' lang='lat' dir='ltr'>ad</span> <span class='ocrx_word' id='word_1_180' title='bbox 1012 2577 1301 2628; x_wconf 85' lang='lat' dir='ltr'>Marathona</span> <span class='ocrx_word' id='word_1_181' title='bbox 1345 2594 1448 2640; x_wconf 79' lang='lat' dir='ltr'>pu-</span> 
     </span>
    </p>
   </div>
  </div>
 </body>
</html>
