1752 3118
349 301 487 336 cmm
710 277 810 329 DE
844 274 1312 328 ANAGLYPHO

343 413 469 463 enim
497 424 633 457 aures
658 396 854 452 suauius
879 402 1269 468 permulceantur
1291 400 1459 450 diuino
1476 401 1667 466 Apolli-

340 481 416 529 nis
437 491 602 534 eamn,
639 488 782 535 quam
801 471 963 517 matris
985 483 1031 516 et
1051 468 1339 530 sororis*)‘?
1396 469 1457 516 Et
1477 470 1670 515 fuerunt

339 545 474 596 haud
496 541 641 589 dubie
669 539 829 601 plures
850 550 1107 583 statuarum
1127 536 1249 582 inter
1271 553 1321 583 se
1348 553 1670 582 connexarum

342 609 583 671 συζυγίαι
619 606 945 670 (Gruppen),
978 603 1029 649 in
1063 603 1238 666 quibus
1271 615 1420 650 mater
1454 617 1504 650 et
1534 619 1673 649 soror

340 676 562 743 ,Apollini
617 671 821 724 cantanti
865 684 1062 734 operam
1113 667 1275 716 dantes
1326 671 1676 733 effingerentur.·

343 745 507 802 Talis,
563 739 615 787 ni
644 738 811 798 fallor,
856 737 947 785 fuit
980 749 1241 783 statuarum
1270 736 1676 783 nobilissimarum

343 811 626 876 complexus
660 805 710 852 in
743 804 973 851 Octauiae
1007 805 1202 867 porticu
1237 802 1435 850 Philisci
1468 801 1674 860 Rhodii‘,

347 896 494 945 quem
543 885 891 922 commemorat
934 869 1117 918 Plinius
1161 870 1401 918 XXXVI.
1439 887 1474 916 s.
1506 872 1567 929 4,
1601 886 1675 916 10.

346 948 554 1009 Apollo,
584 944 793 989 Latona
820 947 868 986 et
889 941 1071 986 Diana
1106 946 1154 985 et
1172 939 1358 986 Musae
1393 955 1571 985 nouem
1582 937 1681 997 **).

365 1036 1678 1051 —.--—--————————————-——-—-

343 1093 491 1124 attinet.
530 1086 656 1119 Varias
683 1084 729 1117 ob
759 1096 879 1117 causas
907 1083 1006 1118 hunc
1025 1093 1163 1127 gestum
1189 1083 1234 1115 ab
1256 1083 1451 1116 artificibus
1471 1083 1681 1126 expressum

348 1146 445 1174 esse,
471 1143 555 1164 vero
574 1138 852 1162 consentaneum
871 1137 932 1162 est.
979 1129 1023 1161 In
1049 1141 1109 1162 ara
1131 1128 1286 1166 rotunda
1305 1127 1393 1169 (ἄνα
1411 1127 1540 1169 tonda)
1562 1129 1682 1160 Musei

353 1178 556 1221 Capitolini
578 1176 683 1207 Tom.
706 1174 766 1206 IV.
794 1174 866 1207 tab.
886 1172 940 1207 56.
973 1176 1153 1206 cernimus
1182 1173 1340 1205 Dianam
1366 1181 1446 1215 post
1466 1171 1679 1215 Apollinem„

347 1225 566 1256 collocatam
597 1220 723 1251 eodem
754 1218 827 1250 fere
850 1219 984 1259 figurae
1006 1218 1154 1257 habitu,
1187 1229 1258 1260 quo
1285 1220 1321 1249 in
1352 1226 1473 1249 nostro
1497 1227 1682 1248 marmore

350 1269 521 1300 occurrit.
580 1265 709 1297 Facem
727 1263 885 1306 ‚longam
915 1263 1062 1302 dextra,
1109 1265 1251 1295 sinistra
1276 1264 1477 1294 vestimenti
1510 1263 1684 1293 laciniam.

349 1315 463 1346 Jeuat.
496 1310 634 1342 Pariter
659 1309 696 1340 in
715 1319 775 1340 ara
796 1306 1227 1350 triangulariBorghesia‚
1250 1318 1358 1348 quam
1383 1318 1460 1338 aere
1480 1316 1685 1347 expressam

350 1357 455 1389 dedit
479 1353 516 1386 V
514 1351 693 1384 ist-antius
712 1352 758 1383 ad
775 1354 882 1385 finem
902 1350 1026 1383 Musei
1043 1350 1144 1382 Pio-
1158 1349 1378 1382 Clementini
1396 1351 1572 1383 Tom.VI.
1596 1348 1685 1390 (ta-

350 1399 441 1434 vola
460 1397 648 1441 aggiuuta
670 1395 733 1437 Β.)
753 1405 787 1428 et
803 1397 850 1429 ad
874 1397 1009 1428 calcem
1029 1395 1155 1427 Musei
1180 1393 1319 1426 Gabini
1335 1393 1483 1436 (tavole
1501 1393 1687 1437 aggiunte

353 1458 387 1479 a.
408 1445 443 1476 b.
465 1440 516 1484 c.)
541 1442 669 1474 Gratia
691 1443 931 1483 conspicitur,
966 1443 1119 1483 peplum
1145 1442 1270 1472 leuans
1296 1439 1421 1471 eodem
1439 1439 1577 1478 modo,
1611 1450 1684 1480 qno

350 1489 415 1522 hic
443 1489 579 1520 Latona
592 1510 602 1525 ‚
636 1493 671 1516 et
689 1496 800 1527 quam
819 1487 939 1528 primo
963 1485 1043 1517 loco
1065 1487 1100 1517 in
1118 1484 1365 1517 marmoribus
1387 1484 1597 1527 anaglyphis
1613 1483 1684 1515 Al-

351 1533 460 1566 :banis
480 1533 601 1574 posuit
611 1529 735 1572 Zoega
753 1526 1010 1572 (Bassirilievi
1030 1538 1100 1562 tav.
1111 1528 1156 1569 Ι.)
1182 1531 1394 1571 imaginem,
1417 1530 1576 1571 Neptuni
1596 1539 1687 1559 vxo-

353 1588 438 1611 :rem
456 1575 704 1618 Amphitriten
724 1574 881 1614 exhibet,
904 1585 994 1616 quae
1011 1574 1139 1606 eodem
1160 1582 1258 1616 gestu
1277 1576 1381 1606 vestis
1403 1575 1572 1605 laciniam
1589 1582 1688 1616 *pau-

353 1623 480 1660 lulum
498 1631 604 1662 super
625 1619 793 1652 humeros
813 1620 957 1652 alleuat.

404 1676 432 1718 ¹)
458 1674 572 1713 Adde,
595 1673 693 1716 quod
710 1674 872 1706 multum
890 1674 998 1707 saciat
1016 1674 1288 1717 addiguitatem
1306 1674 1504 1716 augendam
1516 1673 1585 1705 hoc
1599 1673 1686 1705 dea-

354 1732 444 1756 rum
460 1720 682 1751 satellitium.
717 1716 882 1750 Postulat
899 1718 967 1752 hoc
987 1719 1109 1753 decori
1127 1721 1238 1757 ratio,
1262 1727 1300 1750 vt
1318 1727 1531 1760 spectatores
1556 1718 1688 1757 adsint,

356 1765 400 1798 id
420 1763 518 1806 quod
543 1763 732 1804 diligenter
760 1762 995 1796 obseruatum
1018 1773 1149 1796 veteres
1175 1764 1335 1795 artifices.
1370 1762 1431 1794 Sic
1455 1763 1687 1795 vasculorum
1724 1779 1728 1786 =

355 1811 513 1853 pictores
535 1817 674 1848 semper
697 1817 740 1848 ap
770 1808 938 1840 iuxerunt
957 1810 1086 1852 ‘figuris
1112 1810 1295 1851 primariis
1323 1818 1492 1849 personas
1512 1807 1689 1850 quasdam

356 1861 478 1887 :nutas
509 1864 570 1884 seu
602 1862 701 1883 mera
748 1850 1044 1894 ορυφορήματα,
1081 1853 1210 1896 quibus
1235 1860 1478 1894 spectatorum
1504 1864 1564 1885 seu
1586 1852 1689 1884 chori

356 1906 478 1941 partes
505 1896 715 1929 tribuerent.
757 1894 850 1928 Hinc
882 1899 1094 1940 intelligitur
1123 1899 1252 1936 etiam,
1276 1907 1386 1938 quam
1412 1907 1515 1939 saepe
1539 1908 1688 1939 operam

357 1953 464 1975 suam
488 1942 639 1972 luserint
659 1942 868 1982 interpretes
886 1943 981 1973 male
1004 1942 1140 1981 seduli,
1164 1944 1226 1984 qui
1247 1943 1283 1973 in
1308 1942 1430 1982 figuris
1448 1943 1522 1973 istis
1542 1943 1688 1983 apposi-

359 1988 449 2018 titiis
480 1985 581 2017 docte
611 1983 835 2016 illustrandis
871 1998 996 2018 rerum
1029 1998 1180 2018 suarum
1213 1994 1420 2027 satagerent.
1466 1984 1582 2027 Atque
1619 1985 1688 2017 ho‘c

358 2033 481 2073 ,ipsum
509 2031 545 2062 in
571 2030 787 2060 memoriam
805 2030 908 2063 nobis
934 2031 1063 2072 redigit
1084 2042 1247 2063 marmor
1267 2029 1511 2072 anaglyphum
1533 2043 1553 2061 a
1571 2029 1625 2061 W
1626 2029 1691 2060 in-

359 2072 561 2107 kelmanno
583 2075 618 2105 in
638 2073 883 2106 Monumentt.
908 2074 1038 2107 inedit.
1059 2089 1094 2110 n.
1119 2077 1173 2109 50.
1194 2076 1487 2119 promulgatum,
1511 2074 1571 2106 sed
1591 2077 1689 2106 miro
1725 2093 1727 2095 ·

358 2131 482 2151 errore
501 2118 545 2151 de
565 2118 711 2160 Orpheo
729 2126 763 2149 et
781 2119 1005 2153 Danaidibus
1026 2122 1255 2163 explicatum.
1302 2120 1442 2151 Libatio
1463 2121 1559 2151 cuim
1584 2128 1618 2151 et
1638 2119 1691 2152 ibi

362 2164 509 2195 offertur
531 2162 694 2204 Apollini
711 2166 865 2196 cantanti
886 2179 905 2198 a
927 2165 1065 2197 duabus
1086 2165 1247 2202 feminis,
1273 2175 1427 2205 quarum
1452 2165 1564 2196 altera
1584 2172 1687 2206 pate-

359 2219 462 2247 ram,
491 2208 602 2239 altera
623 2215 765 2248 guttum
785 2219 871 2249 prae
894 2221 928 2240 se
947 2210 1026 2242 fert.
1066 2209 1143 2242 Vna
1164 2210 1324 2241 sufficere
1338 2216 1487 2251 poterat.
1510 2208 1583 2241 Sed
1594 2208 1689 2240 dua-
1724 2228 1727 2229 ν

360 2253 430 2283 hus
451 2263 540 2293 opus
564 2260 635 2289 est,
667 2259 705 2282 vt
716 2250 830 2284 honor
850 2264 933 2284 suus
956 2261 1091 2285 constet
1114 2253 1252 2286 decoro.

406 2304 455 2338 ”Y
475 2305 594 2338 Verba
616 2305 726 2347 Plinii
750 2306 962 2340 obscuritate
981 2309 1137 2351 quadam
1158 2309 1336 2342 laborant.
1375 2310 1418 2342 In
1439 2311 1588 2352 vulgatis
1607 2309 1687 2341 edi-

366 2349 523 2382 tionibus
551 2352 601 2381 sic
627 2361 662 2380 se
692 2350 841 2384 habent:
874 2351 937 2383 Ad
967 2353 1149 2385 Octauiae
1173 2353 1357 2395 porticum
1373 2353 1504 2396 Apollo
1528 2353 1689 2385 Philisci

362 2392 507 2425 Rhodii
525 2392 566 2424 in
584 2392 730 2425 delubro
749 2404 826 2428 ειιο.
850 2395 948 2427 Item
964 2398 1115 2430 Latona
1136 2402 1175 2430 et
1195 2398 1326 2429 Diana
1346 2403 1384 2429 et
1403 2399 1536 2431 Musae
1558 2389 1715 2430 nouem‘

364 2442 405 2468 et
422 2435 520 2469 alter
537 2436 672 2480 Apollo
691 2438 821 2470 nudus.
870 2442 983 2482 Haec,
1020 2446 1048 2475 si
1068 2445 1146 2485 quis
1173 2455 1304 2486 parum
1324 2444 1483 2476 attendat
1499 2446 1686 2484 animum,

364 2483 470 2515 facile
491 2485 539 2514 ita
571 2483 723 2524 intelligi
742 2495 897 2527 possent,
927 2499 966 2518 ac
989 2490 1015 2519 si
1027 2487 1161 2530 Apollo
1182 2497 1323 2520 tantum
1343 2491 1378 2520 in
1398 2489 1550 2521 delubro
1569 2490 1686 2520 collo-

360 2534 463 2558 ?tatus
480 2527 614 2566 suisset,
638 2529 796 2569 reliquae
820 2541 903 2562 vero
923 2540 1057 2564 statuae
1079 2534 1184 2575 plane
1200 2542 1394 2575 segregatae
1418 2534 1564 2565 fuissent
1577 2542 1612 2565 et
1626 2534 1685 2565 di-

365 2582 493 2604 versae.
519 2571 589 2603 Sed
605 2583 667 2603 vna
684 2572 876 2615 eademque
892 2575 958 2607 fuit
969 2585 1171 2610 statuarum
1186 2579 1300 2611 series.
1327 2579 1401 2610 Hoc
1418 2578 1558 2620 liquido
1570 2589 1686 2621 appa-

361 2624 417 2649 ret
441 2617 497 2648 vel
516 2627 561 2647 ex
581 2628 622 2648 co
638 2641 646 2653 ‚
673 2617 770 2659 quod
790 2618 955 2652 additur:
983 2622 1071 2654 alter
1091 2622 1224 2664 Apollo
1246 2621 1372 2656 nudus.
1421 2623 1516 2665 Ergo
1539 2625 1683 2656 vestitus

361 2662 436 2699 suit
450 2662 562 2702 prior.
600 2659 709 2704 Atqu-i
728 2664 872 2697 vestitus
896 2673 945 2698 est
966 2666 1171 2711 MusageteS.

1115 2795 1134 2802 κ
