1758 3162
216 703 752 763 PRAEFATIO
813 699 1282 759 EDITORIS.

88 1002 270 1115 Quae
292 1051 451 1118 prima
475 1051 528 1099 in
552 1051 793 1117 scriptore
814 1051 877 1100 ad
898 1069 1041 1101 vsum
1061 1055 1303 1102 lectorum
1326 1066 1416 1098 ex—

88 1143 307 1192 ornando
327 1161 442 1190 cura
460 1161 560 1192 esse
575 1142 740 1202 dehet,
768 1157 819 1191 vt
831 1142 936 1190 eius
948 1143 1099 1191 verba
1108 1141 1227 1207 ipsa,
1262 1157 1415 1206 eaque

87 1251 180 1281 nec
212 1231 476 1296 deprauata
501 1251 593 1281 nec
613 1233 902 1298 interpolata
927 1231 1275 1293 exhibeantur,
1312 1247 1417 1278 eam

86 1322 209 1370 mihi
226 1323 327 1370 fere
343 1340 485 1371 vnam
506 1322 558 1371 in
572 1323 702 1371 libro
723 1326 842 1388 περὶ
863 1320 1034 1385 ὕψους
1055 1321 1160 1370 fore
1173 1321 1420 1386 putabam*

88 1411 281 1460 Etenim
296 1430 411 1458 cum
422 1412 513 1461 viri
522 1411 806 1474 doctissimi,
818 1411 974 1461 Faber
986 1412 1211 1471 maxime,
1223 1410 1425 1458 Tollius

91 1517 139 1550 et
179 1505 347 1549 Morus
362 1536 377 1558 ,
428 1517 474 1550 et
514 1501 779 1550 nouissime
820 1502 961 1550 etiam
1009 1500 1343 1552 Ruhnkenius„
1373 1514 1421 1551 et

90 1591 314 1655 Toupius
337 1591 494 1640 studia
518 1609 603 1639 sua
627 1591 691 1638 ad
711 1592 849 1639 hunc
872 1592 1052 1639 librum
1071 1589 1423 1645 illustrandum

94 1679 437 1743 contulissent,
480 1699 746 1745 perparum
785 1681 887 1729 hoc
928 1681 981 1728 in
1019 1699 1199 1746 genere
1231 1681 1290 1728 ab
1321 1679 1425 1730 illis

91 1786 268 1834 operae
292 1787 428 1818 meae
452 1770 679 1819 relictum
697 1771 1044 1824 existimabam.
1110 1770 1210 1819 Sed
1233 1770 1285 1817 in
1305 1787 1424 1818 ver-

90 1860 165 1906 bis
190 1858 254 1906 ad
281 1861 602 1923 integritatem
627 1859 920 1909 reuocandis
946 1862 1068 1910 noui
1099 1860 1225 1931 quid
1250 1859 1424 1910 tentari.

94 1963 141 1997 et
170 1950 408 1997 nonnulla
439 1950 498 1998 ab
529 1950 630 1999 illis
661 1970 763 2000 non
789 1951 1127 2008 animaduersa
1151 1949 1342 2016 exquiri
1376 1962 1422 1999 et

94 2037 146 2085 in
174 2039 339 2088 lucem
372 2040 579 2104 proferri
611 2060 782 2107 posse,
823 2042 947 2092 mihi
974 2061 1133 2108 paene
1159 2056 1422 2107 persuase-

94 2147 206 2176 ram.
275 2129 419 2178 Vnus
454 2132 584 2182 enim
618 2130 874 2194 Peareius,
920 2151 1073 2198 opera.
1099 2149 1216 2183 Vsus<
1246 2127 1424 2178 Graeci

95 2217 333 2280 hominis,
356 2222 496 2269 cuius
518 2241 581 2271 ne
601 2238 781 2271 nomen
804 2221 1007 2288 quidem
1028 2221 1221 2292 posuit,
1243 2218 1425 2269 lectio-

97 2324 180 2354 nes
219 2309 408 2357 codicis
448 2311 658 2362 Parisini
690 2312 1002 2364 vetustissimi
1015 2349 1037 2375 ,ἵ
1080 2331 1115 2362 e.
1140 2329 1252 2381 quo.
1277 2308 1426 2360 ceteri

99 2396 294 2446 codices
315 2417 483 2450 omnes
504 2419 718 2453 manasse
739 2416 985 2471 putantur,
1011 2402 1258 2466 vulganius
1296 2400 1424 2449 Nam

99 2486 213 2534 Tou
217 2487 328 2552 pius
358 2491 566 2555 quidem
591 2493 794 2545 alteram
817 2494 1135 2546 collationem
1153 2511 1186 2546 a
1203 2490 1425 2545 Lat-che·-

96 2576 171 2624 rio
195 2594 443 2643 acceptam
465 2585 734 2646 rarissime,
767 2585 876 2632 imo
893 2584 975 2634 vix
998 2601 1104 2634 vna
1121 2582 1341 2635 alteeoue
1367 2576 1423 2626 in

96 2665 210 2714 loco
239 2667 518 2722 adhibuisse
547 2673 740 2723 videtur
756 2711 774 2739 ,
810 2675 1040 2738 quoniam
1069 2669 1280 2737 paucula
1313 2667 1421 2727 illa-⁸,
