1752 3118
306 291 389 343 370
584 283 810 326 NOTAE
854 285 937 325 AD
987 284 1064 325 DE
1112 285 1364 327 SVBLIM.

310 404 342 443 1’
354 399 627 442 enrichissent
646 404 688 437 et
704 398 734 437 l’
745 404 898 437 ornent
923 398 1171 439 infiniment.
1227 398 1290 438 De
1311 400 1446 440 meme
1476 416 1556 454 que
1586 404 1647 442 les

311 462 539 500 variationis
561 455 799 503 musicales,
827 456 1092 507 qui-portent
1114 455 1214 492 dans
1249 468 1307 493 un
1335 457 1398 494 air
1430 472 1487 495 un
1515 459 1647 498 beau-

314 528 422 566 coup
445 513 540 565 plus
558 510 690 564 grand
711 511 886 549 nombre
912 511 964 548 de
986 524 1081 549 sons
1097 541 1106 559 ‚
1136 524 1227 548 sans
1247 524 1300 549 en
1313 512 1472 551 alterer
1490 514 1529 552 le
1555 528 1648 552 sens

316 577 361 618 et
377 570 419 607 le
439 568 602 615 theme,
634 566 696 605 lui
716 566 884 617 preterit
906 567 1001 618 plus
1021 567 1287 618 d’agrement
1310 574 1351 605 et
1377 568 1428 606 de
1448 570 1530 614 vie,
1555 570 1648 607 ain—

314 627 351 665 si
369 626 413 663 la
429 623 696 676 periphrase,
733 623 807 673 qui
827 623 1003 660 consiste
1022 623 1045 659 a
1069 623 1292 674 expliquer
1313 637 1395 661 une
1425 623 1548 662 chose
1570 638 1649 677 par

313 695 373 721 un
391 679 551 718 certain
570 679 747 716 nombre
771 677 823 716 de
852 684 958 716 mots
992 691 1043 715 au
1075 679 1162 716 lieu
1188 680 1239 717 de
1273 680 1314 716 la
1343 679 1537 730 designer
1572 694 1649 732 par

312 750 390 775 son
417 742 553 774 terme
578 746 763 785 propre,
809 733 947 771 donne
992 740 1169 772 souvent
1197 735 1220 772 ἐι
1253 741 1363 773 cette
1400 735 1526 774 chose
1556 736 1650 787 plus

315 794 355 831 d’
370 791 539 842 energie
563 795 605 827 et
625 789 676 826 de
697 802 830 840 grace.
887 789 971 828 Des
984 790 1104 828 -lors
1127 790 1160 826 il
1178 790 1218 827 n’
1239 805 1269 842 y
1288 790 1418 842 aplus
1444 792 1483 829 d’
1497 793 1651 830 obscu-

313 849 421 896 rite3
450 847 492 884 la
515 844 806 896 comparaison
824 844 996 883 devient
1017 858 1071 882 on
1087 858 1142 883 ne
1164 851 1264 896 peut
1280 860 1352 897 pas
1370 847 1465 898 plus
1486 848 1610 899 juste·
1625 851 1650 871 ‘⁶

313 903 390 943 His
421 900 626 940 nonnulla
665 898 833 937 subiicit
870 899 923 937 ad
960 901 1207 938 sententiam
1239 915 1354 939 suam
1385 902 1650 951 firmandam,

313 963 542 1007 monetque
562 953 688 1007 παροὲ
706 955 752 991 in
772 955 903 992 verbo
927 954 1214 1008 παράφωνος,
1243 969 1329 994 non
1362 970 1450 995 esse
1474 966 1653 1010 praeter,

314 1015 405 1052 siue
442 1019 609 1056 contra,
646 1009 718 1048 scd
745 1012 887 1056 iuxta,
926 1011 1014 1050 siue
1046 1012 1159 1064 apud
1164 1028 1178 1063 ,·
1220 1011 1398 1049 musicos
1430 1020 1569 1052 autem
1604 1014 1651 1052 in

312 1083 393 1109 vsu
410 1068 641 1106 verborum
658 1066 759 1103 artis
780 1066 963 1105 multum
984 1068 1096 1106 inter
1118 1080 1161 1105 se
1181 1067 1452 1118 discrepasse,
1462 1068 1506 1106 in
1525 1083 1651 1121 quam

310 1138 405 1165 rem
429 1123 555 1161 etiam
574 1121 742 1175 profert
762 1121 1013 1173 exemplum.
1070 1122 1142 1161 His
1174 1124 1362 1161 omnibus
1395 1137 1469 1175 ego
1500 1125 1651 1163 lubens

313 1179 530 1220 assentior.
594 1177 788 1215 Redeunt
814 1177 925 1215 enim
959 1179 1012 1217 ad
1042 1179 1159 1217 illam
1191 1177 1472 1231 παραφώνων
1504 1179 1651 1234 φθόγ-

312 1252 399 1289 γων
418 1233 837 1285 interpretationem,
871 1246 996 1284 quam
1017 1235 1067 1273 ab
1086 1234 1206 1274 initio
1222 1235 1423 1287 proposui
1442 1242 1483 1274 et
1500 1246 1650 1275 veram

314 1305 402 1331 esse
423 1289 579 1342 optaui.

397 1347 447 1396 τῆ
465 1343 735 1399 κυριολογίᾳ]
763 1342 874 1382 Haec
893 1357 979 1381 non
998 1345 1225 1397 opponitur
1258 1347 1650 1401 translatis-figura-

312 1392 585 1449 tisue‘verbis,
609 1407 657 1439 vt
679 1399 916 1452 explicabat
940 1399 1126 1446 Tollius,
1155 1400 1229 1438 sed
1253 1401 1327 1438 vni
1356 1401 1512 1453 figurae
1535 1404 1652 1454 peri-

309 1460 534 1512 phraseos,
570 1468 676 1509 quae
718 1456 862 1495 verbis
899 1455 971 1495 vel
1007 1456 1191 1495 maxime
1228 1456 1414 1508 propriis
1454 1465 1650 1498 constare

311 1521 465 1569 potest.
1603 1533 1606 1537 ·

396 1568 587 1622 φυσῶδές
621 1583 663 1608 τι
696 1571 774 1607 καὶ
804 1566 1017 1622 ἄμουσον]
1049 1567 1244 1621 Scripsit,
1271 1569 1317 1606 ni
1347 1568 1480 1607 fallor
1490 1599 1501 1618 ‚
1530 1583 1648 1608 more

310 1640 402 1666 suo:
447 1623 652 1677 φλοιῶδές
681 1639 735 1663 τι.
772 1623 882 1663 Sect.
919 1624 971 1662 X.
1003 1621 1120 1664 οὐδὲν
1149 1623 1352 1675 φλοιῶδες
1381 1624 1410 1673 ἢ
1445 1625 1647 1679 ἄσεμνον.

310 1683 421 1721 Sect.
442 1681 510 1720 111.
533 1678 745 1730 φλοιώδης
767 1678 851 1732 γάρ
869 1678 894 1719 ὁ
914 1678 1037 1732 ἀνήρ.
1066 1679 1281 1718 Plutarch.
1309 1680 1357 1719 T.
1378 1680 1427 1718 Π.
1446 1694 1491 1731 p.
1518 1681 1579 1719 16.
1601 1681 1648 1720 B.

309 1737 360 1778 τό
380 1735 572 1792 σοβαρόν
603 1739 678 1775 καὶ
709 1734 910 1785 φλοιῶδες
942 1734 1240 1784 ἀποτίθενται.
1281 1736 1396 1773 Idem
1426 1749 1466 1787 p.
1490 1736 1583 1775 610.
1603 1737 1648 1777 F.

310 1793 338 1834 ὁ
357 1789 616 1835 Λακωνικός
649 1789 773 1844 λόγος
796 1789 872 1829 οὐκ
898 1789 982 1841 ἔχει
1011 1789 1176 1842 φλοιόν.
1220 1790 1384 1829 Persius
1416 1791 1501 1831 Sat.
1523 1792 1554 1841 Ι,
1579 1792 1651 1845 96.

426 1873 484 1880 -
516 1850 663 1889 Nonne
684 1848 763 1886 Ιιοσ
779 1861 1010 1899 spumosum
1035 1855 1074 1885 et
1097 1849 1248 1885 cortice
1263 1849 1426 1900 pingui.

310 1905 392 1945 Vbi
436 1904 534 1943 vide
583 1903 883 1942 casaubonum.
929 1902 1223 1942 Rvnmznmvs.
1308 1902 1435 1940 Plane
1481 1903 1647 1944 inutilis
1703 1902 1706 1905 ’

310 1969 434 2014 atque
472 1960 599 1998 etiam
638 1958 788 1996 inscita
823 1958 927 1996 haec
966 1964 1070 1996 esset
1110 1957 1306 2006 mutatio,
1346 1964 1394 1995 vt
1423 1972 1527 2010 quae
1556 1961 1649 2003 t91..

309 2018 421 2055 leret
446 2022 617 2067 tropum
646 2013 912 2052 antecedenti
941 2013 1244 2066 comparationi
1274 2013 1456 2052 maxime
1488 2022 1650 2067 aptum:

308 2071 421 2112 Bene
468 2071 600 2109 vertit
643 2069 809 2118 Morus,
840 2075 883 2106 et
919 2070 998 2118 ita,
1032 2075 1079 2107 vt
1107 2068 1245 2107 statim
1276 2069 1507 2121 intelligas,
1536 2085 1559 2109 a
1586 2071 1650 2109 ‘ti-2

311 2129 392 2168 biis
430 2125 619 2178 φυσῶδες
646 2138 732 2163 esse
766 2125 962 2171 ductum,
1006 2125 1156 2177 quibus
1184 2124 1287 2162 editi
1334 2138 1430 2163 cum
1480 2126 1646 2178 prima-

309 2185 388 2224 riis
433 2183 542 2221 sonis
591 2179 857 2234 παράφωνοι
897 2181 1035 2219 minus
1081 2181 1193 2219 clare
1246 2180 1438 2219 exaudiri
1481 2182 1649 2220 lenius-'

310 2254 393 2292 que
441 2250 590 2276 sonare
629 2237 818 2277 debeant.
897 2236 961 2277 To*
1008 2236 1202 2291 ἄμουσον
1253 2242 1392 2274 autem
1440 2237 1644 2276 tribuitur

309 2308 437 2343 sono,
501 2299 703 2344 quatenus
751 2299 814 2331 est
858 2306 1009 2332 raucus
1059 2299 1131 2331 aut
1178 2292 1367 2330 incertus
1413 2299 1456 2330 et
1500 2293 1646 2332 vacil-'

307 2351 425 2399 lans,
453 2355 524 2387 aut
545 2349 652 2386 iusto
675 2348 840 2398 grauior
859 2349 930 2388 vel
950 2349 1121 2387 acutior.
1177 2347 1273 2386 Non
1296 2348 1390 2386 vult
1407 2361 1505 2400 ergo
1525 2347 1645 2387 Lon..·

311 2406 429 2458 ginus
451 2402 717 2456 periphrasin
744 2416 831 2441 esse
862 2404 986 2442 nimis
1018 2405 1186 2456 longam
1216 2409 1258 2441 et
1290 2404 1533 2454 verbosam,
1561 2417 1641 2442 ne-

311 2474 392 2514 que
419 2465 607 2498 constare
624 2459 764 2508 yerbis
782 2459 1031 2509 humilibus,
1061 2458 1237 2498 sordidis
1267 2459 1403 2498 aliaue
1436 2473 1489 2499 ex
1518 2466 1639 2512 parte

308 2516 486 2555 vitiosis.
561 2513 669 2551 Haec
700 2516 860 2566 egregie
888 2516 1145 2571 conueniunt
1180 2515 1384 2568 exemplis
1420 2515 1642 2562 adiunctis.

312 2572 376 2611 Cf.
396 2585 462 2624 29,
486 2584 519 2611 ι.
551 2569 603 2607 de
622 2573 914 2623 κουφολογίας
941 2588 984 2613 τε
1005 2571 1064 2621 ὅζ.
1090 2578 1168 2610 etc.

399 2627 438 2681 §2
462 2640 499 2666 2.
528 2625 827 2680 τεκμηριῶσαι]
853 2628 935 2675 Qui
953 2642 1044 2667 rem
1067 2627 1315 2667 auctoritate
1333 2641 1406 2666 sua
1423 2631 1493 2664 aut
1511 2624 1642 2663 testi-⁷

312 2683 453 2723 monio
477 2681 719 2735 confirmat,
747 2682 782 2722 is
800 2683 958 2728 dicitur
978 2682 1258 2740 τεκμηριοῦν,
1286 2689 1334 2725 vt
1351 2680 1534 2738 Ὅμηρος
1570 2695 1637 2731 τε·μ
