1718 3122
431 245 672 292 FRAGM.
698 244 821 292 vul„
835 246 876 302 ς.
892 248 1068 294 ιι-ιδ,
1342 248 1424 288 543

128 354 195 367 —h—

109 375 149 412 27.
153 383 273 412 ουσιν
302 385 379 423 pro
400 372 619 412 ἐθέλουσιν
642 369 808 409 facilius
835 370 942 409 oriri
960 370 1097 422 potuit
1116 370 1351 423 vulgatum,
1377 379 1426 411 vt

108 427 212 466 adeo
231 427 323 478 quis
337 426 417 465 hoe
437 426 660 478 praeferat.
715 425 798 465 Sed
817 437 896 464 nee
917 424 1023 464 illud
1043 425 1220 464 multum
1238 426 1390 467 differt.

193 483 315 523 τοῦτο
344 479 602 532 ἀκόλουθον]
631 479 742 519 Haec
766 480 877 534 apud
900 481 1052 519 Aldum
1076 480 1289 532 leguntur.
1340 483 1424 535 Ego

107 538 270 577 mutaui
287 538 334 576 in
353 536 508 578 τούτων
524 535 573 577 td
591 534 869 577 ακόλουθον.
895 536 1115 588 Syllabam
1135 551 1216 576 των
1233 538 1427 589 antiquus

105 593 306 632 librarius
324 593 438 643 signo
457 605 544 630 non
567 591 669 630 satis
687 592 803 631 elaro
822 605 947 643 supra
965 589 1040 632 τού
1055 597 1288 631 notauerat.
1323 591 1425 631 Hinc

106 650 214 689 alter
228 647 450 686 articulum
469 646 519 688 vo*
537 647 617 686 isti
624 647 808 700 syllabae
824 647 1020 686 adiunxit
1029 638 1214 698 fecitque
1236 646 1371 688 τοῦτο.

191 702 232 757 §.
257 715 320 741 12.
352 702 558 747 πολλάκις
582 702 854 766 ἐθαύμασα]
861 701 1052 742 Fortasse
1074 699 1178 740 haee
1196 702 1286 741 duo·
1296 703 1427 742 verba

104 760 195 800 oola
214 766 414 810 posuerat
429 766 599 807 auctor,
627 765 670 798 et
687 758 838 797 deinde
851 758 1097 797 addiderat:
1121 755 1184 797 Το
1206 757 1272 807 δὲ,
1303 764 1329 783 ‘⁴
1340 761 1425 798 τισι

104 830 150 855 π.
172 816 208 854 λ.
227 812 351 854 >129st
329 828 511 856 επεισαν
528 819 571 854 οἱ
590 828 655 869 γρ.
679 812 958 867 Σωκράτην,’
962 812 1071 863 ’ἤδη
1086 811 1224 854 κῶλόν
1243 818 1357 855 ἐστιν
1377 813 1428 856 οὐ

102 868 265 926 βραχύι
293 869 365 909 sed
391 871 590 909 librarius
612 882 635 908 e
655 870 859 909 memoria
875 875 1006 908 totam
1034 868 1255 921 periodum
1277 876 1426 922 protu-

102 927 179 973 lit,
211 938 306 963 cum
322 939 347 963 a
368 925 532 965 voculis
553 925 617 966 To·
636 925 679 965 δὲ
700 926 924 965 aberraset.
949 923 1063 964 Fort.
1079 930 1122 964 et
1139 924 1191 963 de
1212 933 1424 977 postremo

102 982 306 1029 membro,
333 985 380 1020 vt
400 981 595 1030 breuiori,
622 980 779 1034 aliquid
799 981 956 1019 dictum
975 981 1082 1019 suit:
1103 979 1175 1019 sed
1192 986 1333 1021 tamen
1350 988 1425 1034 ego

101 1037 168 1085 id,
197 1042 244 1075 vt
261 1037 442 1075 maxime
460 1036 657 1084 dubium,
683 1036 802 1075 vncis
824 1035 988 1075 inclusi.

188 1091 335 1133 διττῶν
352 1091 528 1144 α’ρθρων
544 1092 736 1147 μετέχον]
767 1091 1013 1143 Legendum
1025 1104 1170 1132 censeo
1189 1090 1224 1132 3.
1245 1088 1287 1132 ἄ.
1305 1069 1428 1146 μίγε-

101 1147 223 1192 θος”
203 1162 314 1198 εχον.
338 1149 477 1188 ΜΕΓ
500 1161 597 1186 cum
623 1151 727 1186 notat
742 1161 869 1199 supra
894 1146 1063 1198 scripta
1081 1146 1208 1185 facile
1227 1146 1427 1187 librarius

100 1203 248 1243 habuit
262 1215 343 1253 pro
364 1204 512 1243 MET.

185 1257 415 1311 περικοπή]
445 1257 554 1296 Haec
581 1257 806 1311 appellatio
836 1257 968 1310 partis
992 1256 1160 1309 periodi
1188 1255 1303 1309 apud
1323 1255 1427 1301 alios

99 1313 315 1361 rhetores,
343 1313 453 1366 quod
474 1314 622 1361 seiam,
652 1327 735 1352 non
760 1313 961 1352 occurrit.

184 1369 564 1436 περιτετμημένον]
594 1370 767 1423 undique
792 1371 1048 1422 praecisum,
1085 1382 1111 1407 a
1151 1381 1233 1419 quo
1263 1373 1428 1406 remota

101 1432 219 1473 sunt,
265 1428 370 1476 quae
401 1425 597 1463 adiuncta
627 1438 716 1463 esse
747 1430 939 1477 'possent3
989 1438 1086 1477 ergo
1113 1424 1305 1476 simplex,
1346 1437 1429 1461 non

100 1484 377 1534 compositum.
418 1480 562 1519 Venit
589 1480 692 1519 hic
678 1493 723 1518 m
742 1487 926 1519 mentem
953 1479 1078 1519 locus
1093 1478 1342 1527 Quintiliani
1359 1476 1428 1526 lv,

101 1550 150 1584 2,
175 1540 249 1576 42:
271 1538 518 1576 Graecorum
541 1537 672 1589 aliqui
689 1537 805 1575 aliud
820 1539 1102 1587 circumcisam
1124 1537 1427 1587 expositionem,

100 1595 150 1632 id
165 1601 243 1642 est,
274 1591 495 1646 σύντομον,
524 1593 642 1631 aliud
655 1593 810 1631 breuem
823 1599 1098 1645 putauerunt:
1127 1590 1201 1630 vbi
1220 1589 1428 1629 Graecum

99 1649 276 1687 verbum
300 1654 371 1686 aut
392 1653 580 1699 superest
601 1654 672 1687 aut
690 1648 819 1686 deest.

185 1703 301 1744 κῶλα
318 1706 394 1742 καὶ
415 1718 461 1742 π.
480 1702 543 1757 μ.]
572 1702 689 1742 Ordo
708 1703 936 1742 verborum
956 1716 1019 1756 ap.
1040 1701 1196 1742 Aldum
1212 1707 1294 1741 est:
1312 1698 1430 1741 κῶλα

100 1761 261 1817 μικραὶ
281 1763 357 1799 καὶ
375 1761 627 1825 περικοπαί.

183 1815 226 1869 §.
259 1815 320 1854 13.
350 1816 424 1854 καὶ
452 1813 682 1867 ἀλλήλαις]
717 1813 845 1867 Lege,
882 1812 975 1855 κατ’
1004 1813 1177 1864 ἄλληλα.

191 1871 287 1920 ἢτοι
318 1870 400 1912 τῶν
428 1869 631 1922 ἄγωνων.
664 1869 844 1921 .ᾰφεστ.
878 1869 1090 1923 ἀλλήλων]
1138 1869 1429 1910 Infelicissime.

97 1927 178 1966 hae
209 1926 478 1978 metaphorae
518 1925 780 1978 indagatione
805 1925 913 1964 nihil
941 1926 1176 1978 pioficitur.
1230 1927 1428 1967 Periodm

96 1982 295 2022 ludorum
324 1981 591 2032 publicorum
616 1983 729 2030 (siue
760 1980 942 2034 spatium
967 1981 1168 2033 temporis
1199 1981 1310 2020 ludis
1337 1981 1425 2020 inis

98 2036 385 2089 interiectum)
404 2036 493 2088 ipsa
509 2043 570 2076 est
587 2036 847 2089 metaphora.
907 2035 992 2075 Sed
1011 2050 1035 2075 a
1060 2037 1308 2089 metaphora
1331 2032 1424 2075 mess

97 2092 274 2145 taphora
303 2105 389 2130 non
420 2092 613 2131 ducitur:
651 2095 802 2131 Verum
829 2092 1060 2131 communis
1089 2092 1305 2144 Vtriusque
1331 2091 1426 2130 fons

96 2147 351 2199 indagandus
375 2153 448 2187 est.
506 2146 710 2187 Similiter
730 2148 999 2188 iudicandum
1019 2147 1071 2186 de
1090 2147 1425 2200 insequentibus,

96 2203 129 2254 ἦ
140 2201 231 2244 ἀπό
250 2202 331 2244 τῶν
347 2201 608 2256 χορευόντων
630 2211 706 2243 etc.

182 2259 536 2314 καθισταμένων]
577 2259 814 2313 Legendum
851 2260 1043 2300 existimo
1078 2258 1423 2341 καθιστάμενον,

97 2318 171 2371 qui
188 2316 380 2366 definitur
399 2315 576 2370 (orbis).

175 2370 370 2424 χορείαν]
410 2370 531 2409 Posui
549 2384 627 2424 pro
648 2372 932 2426 Α1ᾶ.χορίαν.

181 2426 446 2479 περιόδους*
477 2427 644 2480 καλεῖν]
684 2428 766 2468 Pro
787 2429 1007 2477 asterisco,
1045 2441 1166 2481 quem
1191 2428 1261 2467 hic
1281 2428 1420 2480 posui,

96 2483 275 2534 spatium
298 2489 477 2534 quatuor
494 2482 584 2522 iere
602 2483 840 2524 litterarum
855 2498 1008 2537 purum
1028 2491 1089 2523 est
1106 2484 1315 2523 relictum.
1337 2483 1420 2522 Sed

95 2537 206 2575 nihil
221 2538 290 2576 hic
308 2538 530 2577 desideres.
586 2538 621 2577 E
640 2540 779 2579 verbis
799 2541 936 2593 potius
957 2540 1095 2578 statim
1116 2540 1309 2578 subiectis
1327 2539 1420 2577 sor·-

96 2600 202 2631 tasse
231 2595 354 2645 plura
385 2593 645 2634 exciderunt.
701 2596 785 2648 Ego
817 2609 982 2635 sensum
1011 2595 1076 2634 his
1097 2595 1190 2634 fieri
1210 2595 1416 2646 integrum

96 2648 260 2700 putaui,
288 2662 390 2702 quae
412 2649 456 2688 in
474 2651 666 2691 versione
689 2653 814 2692 etiam
830 2658 995 2692 secutus
1019 2665 1128 2691 sum:
1159 2649 1233 2691 διοὶ
1255 2648 1301 2692 τό
1323 2652 1417 2693 ταῖς
