1758 3162
500 287 906 340 EDITORI&
1242 308 1365 341 m,

9 456 13 479 ε
43 446 137 494 tur,
172 444 316 494 atque
337 427 401 475 ita
422 425 565 473 etiam
587 425 685 473 suis
707 423 1000 472 carminilms
1021 424 1268 488 augustior
1290 445 1365 476 ac..

7 542 13 579 }
43 519 218 570 cedere
247 515 500 564 videbatur
532 514 746 579 species:
781 512 869 562 sed
904 530 960 562 ex
984 513 1193 562 aliorum
1221 514 1363 565 dictis

5 592 11 657 ὲ
41 608 106 658 ad
133 608 335 657 verbum
365 605 440 654 vel
472 604 538 651 ita
568 602 810 669 repetitis,
859 617 911 653 vt
939 616 1162 652 auctores
1197 622 1364 654 eorum

6 735 9 739 »
41 710 428 762 agnoscerentur,
463 694 625 743 nullus
647 693 856 759 scriptor
877 711 977 742 nou
997 693 1236 758 pessimus
1259 694 1365 743 lau·-

5 781 10 835 ss
42 787 149 837 dem
168 786 442 852 quaerebat.

141 876 383 934 Quoniam
403 875 528 925 inter
552 894 634 925 eos
646 912 662 939 ‚
696 876 780 941 qui
800 875 986 943 aliquid
1004 875 1057 924 in
1081 893 1184 924 rem
1206 893 1365 925 meam

3 987 5 1010 ε
39 965 435 1033 suppeditarunt,
457 970 562 1029 filii
581 967 756 1032 passim
780 967 875 1014 feci
894 966 1222 1029 mentionem,
1251 983 1364 1016 ,mo-

39 1075 157 1106 nere
190 1055 376 1117 debeo,
423 1075 523 1106 esse
550 1056 708 1106 filium
742 1075 906 1105 meum
932 1071 1046 1105 natu
1071 1056 1363 1119 maximum,

2 1154 4 1157 ’
40 1147 127 1212 qui
147 1146 452 1196 Subrectoris
482 1165 688 1196 munere
709 1148 759 1194 in
786 1146 1036 1213 gymnasio
1067 1146 1364 1195 Gorliciensi

4 1254 7 1256 ·
39 1236 264 1299 fungitur.
335 1235 464 1284 Eum
501 1237 852 1300 excitaueram,
889 1251 940 1287 vt
969 1237 1146 1302 etipse
1183 1235 1366 1300 Longi-

36 1344 155 1374 num
182 1325 387 1390 legeret,
423 1325 648 1392 mihique
669 1327 904 1391 mitteret,
940 1328 979 1376 si
1002 1325 1128 1393 quid
1149 1310 1373 1381 inueni&

36 1429 132 1478 set,
150 1414 305 1479 'quod
330 1414 393 1463 ad
417 1434 530 1465 eum
545 1416 888 1465 illustrandum
914 1417 1119 1466 alicuius
1145 1435 1246 1466 esse
1272 1436 1378 1482 pu-‚

38 1517 156 1552 taret
180 1505 420 1553 momenti.
465 1505 665 1571 Ineptus
687 1505 887 1554 fortasse
910 1505 1202 1569 quibusdam
1221 1505 1366 1565 vide-³

35 1594 144 1655 hor,
170 1594 257 1659 qui
280 1612 391 1642 eum
413 1594 538 1642 inter
556 1593 775 1656 Tomos,
799 1592 1146 1656 Ruhnkcnios‚
1172 1594 1363 1657 Moros,

36 1684 152 1732 alios
176 1683 460 1749 interpretes
490 1682 660 1732 doctos
689 1685 1192 1735 commemorauerim.
1260 1683 1364 1732 Sed

34 1791 123 1838 ego
145 1792 223 1822 me
243 1774 346 1839 ipse
367 1774 683 1839 ineptiarum,
708 1793 764 1822 ac
783 1775 943 1840 potius
962 1773 1223 1822 iniustitiae
1245 1791 1363 1822 cona

35 1863 342 1925 demnarem,
395 1863 438 1911 si
481 1864 648 1913 nescio
694 1881 794 1930 quo
830 1862 1025 1930 pudore
1065 1864 1224 1915 victus
1261 1882 1362 1912 non

30 1954 217 2020 ipsum,
252 1953 338 2002 sed
357 1957 590 2014 Beckios,
615 1958 962 2016 Hermanno-s,
990 1954 1209 2020 aliosque
1230 1955 1360 2003 viros

35 2043 208 2093 doctos
244 2044 438 2110 Lipsiae
474 2046 729 2107 florenteS,
788 2064 814 2094 e
849 2062 1066 2110 quorum
1102 2044 1360 2111 disciplina

32 2133 117 2182 ille
138 2134 347 2199 prodiit,
381 2135 552 2185 merita
576 2135 723 2185 laude
746 2136 1027 2202 priuassem.
1055 2133 1362 2203 ‚Assentien-

33 2235 113 2270 tur
135 2223 283 2286 mihi,
317 2239 369 2274 vt
395 2243 556 2291 spero,
591 2224 725 2274 docti
751 2241 797 2275 et
826 2225 970 2291 aequi
990 2225 1167 2273 harum
1193 2242 1359 2273 rerum

33 2313 380 2374 aestimatores,
417 2316 457 2363 si
484 2333 780 2381 cognoscem
815 2314 1054 2382 quaedam
1087 2315 1190 2363 eius
1218 2314 1359 2364 volu-

34 2402 184 2465 erint,
219 2404 351 2453 velut
373 2402 437 2453 ad
462 2423 540 2469 17,
570 2423 611 2453 1.
660 2410 823 2466 58,1.
867 2410 956 2469 44,
1049 2405 1357 2471 maximeque

31 2494 123 2554 53,
148 2495 192 2538 4.
215 2490 278 2540 de
301 2495 450 2542 vmho
471 2495 658 2554 αιτίας.

132 2580 211 2629 De
248 2580 505 2631 codicibus
539 2585 751 2635 rhetoris
787 2585 942 2635 nostri
979 2600 1026 2635 et
1056 2584 1353 2634 editionibus

0 2671 1 2683 ¹
30 2669 160 2717 nihil
185 2689 210 2719 a
233 2671 431 2738 Toupio
451 2690 692 2725 narratum
714 2691 807 2726 est:
843 2692 931 2724 nos
958 2675 1019 2724 de
1045 2688 1253 2742 Vtroque
1274 2691 1354 2722 ex-
