1752 3118
67 264 338 314 LONGINI
375 261 458 304 DE
485 258 648 303 svn.
676 255 851 297 SECT.
873 253 1259 295 xxxmxxxv.
1295 251 1371 293 123

66 399 199 430 acres
234 378 448 428 adfectus
460 412 483 437 ‚.
511 371 813 431 -vhertatem,
846 364 1017 416 'animi
1049 368 1378 431 praesentiam,

67 470 389 525 celeritatem,
417 479 557 518 mox,
587 459 642 508 id
676 457 815 528 quod
839 456 1144 524 potissimum
1171 453 1380 516 videtur,

68 558 308 607 inaccessa
326 554 411 603 illa
428 550 666 611 vivutur,
701 546 960 613 quoniam,
994 546 1226 611 inquam,
1261 543 1383 592 haec

70 646 233 694 diuina
263 644 398 694 velut
431 641 560 690 dona
594 639 833 699 (humana
870 636 994 686 enim
1028 633 1217 695 dicere,
1251 633 1382 681 nefas

68 734 241 799 fuerit)
290 731 384 781 sibi
419 729 578 779 omnia
613 727 894 792 adrogauit,
941 742 1108 774 omnes
1144 723 1293 772 vincit
1324 722 1382 769 iis

68 822 239 883 bonis,
274 838 397 887 quae
431 820 535 885 ipse
567 818 739 880 habet-3
788 817 830 864 si
865 833 962 881 qua
997 814 1043 863 ei
1078 812 1280 874 desunt,
1329 830 1384 861 ea

69 911 139 960 sic.
174 923 476 975 compensat,
520 919 572 957 vt
604 921 816 956 oratores
846 902 1071 954 omnium
1105 900 1386 968 temporum

68 1002 205 1051 velut
238 999 464 1049 attonitos
499 995 673 1045 reddat
717 1011 763 1045 et
795 996 998 1044 fulmine
1044 994 1383 1060 praestringat:

70 1090 276 1139 celerius
322 1086 450 1149 enim
484 1085 594 1151 quis
640 1085 822 1133 labenti
865 1085 1050 1149 fulguri
1084 1085 1260 1133 oculos
1297 1083 1387 1132 ob-

72 1192 248 1241 vertat,
282 1193 428 1243 quam
463 1174 727 1229 cumulatis
749 1173 851 1222 eius
887 1173 1166 1222 adfectibus,

477 1328 703 1395 [SEc'n
768 1329 981 1379 XXXV.
1011 1358 1015 1386 -.

71 1425 123 1493 P
126 1448 222 1494 lato
257 1458 419 1493 autem
463 1443 540 1508 (et
572 1440 774 1507 Lysias)
807 1442 928 1503 alio,
977 1456 1028 1489 vt
1062 1440 1187 1502 dixi,
1237 1440 1389 1490 modo

75 1535 331 1596 differunt,
368 1551 481 1581 cum
513 1530 680 1598 Lysias
715 1548 815 1579 non
851 1531 1011 1579 solum
1037 1531 1392 1605 magnitudine,

75 1623 161 1673 sed
195 1624 339 1672 etiam
375 1619 696 1669 multitudine
730 1620 968 1668 virtutum
1002 1621 1213 1668 multum
1249 1639 1393 1687 supe-

75 1726 233 1761 retur:
288 1730 398 1759 nam
442 1725 574 1759 tanto
618 1708 843 1774 superior
890 1698 959 1759 est
996 1711 1151 1774 vitiis,
1208 1709 1392 1778 quanto
1458 1735 1463 1743 ·

80 1802 281 1850 inferior
316 1799 590 1849 virtutibus.
696 1798 952 1856 Quidnam
981 1819 1094 1866 ergo
1131 1800 1286 1849 diuini
1319 1802 1394 1849 illi
1431 1823 1458 1854 2

70 1891 338 1956 'scriptores
384 1902 689 1955 spectarunt,
744 1890 861 1953 qui,
918 1889 1164 1955 diligentia
1197 1890 1249 1938 in
1285 1907 1397 1939 om·-

78 1980 223 2027 nibus
258 1981 500 2044 neglecta,
545 1979 750 2028 maxima
786 1997 1010 2045 quaeque
1046 1980 1098 2027 in
1133 1981 1393 2032 scribendo

81 2068 234 2118 secuti
256 2068 402 2117 sunt?
471 2069 667 2118 Praeter
691 2068 841 2117 multa
863 2069 954 2118 alia
976 2085 1023 2118 et
1044 2069 1144 2118 hoc
1159 2105 1174 2132 ,
1211 2071 1401 2119 noluis-

81 2176 133 2206 se
167 2173 409 2221 naturam,
443 2177 557 2221 nos,
593 2158 843 2216 homines,
877 2157 1064 2210 humile
1103 2174 1148 2209 et
1180 2160 1400 2224 ignobile

82 2245 260 2294 animal
292 2266 415 2305 esse,
451 2248 563 2307 sed,
599 2266 711 2296 cum
747 2248 798 2312 in
834 2247 979 2310 vitam
1004 2264 1050 2299 et
1073 2263 1230 2299 totum
1250 2268 1401 2298 mun-

85 2335 233 2397 dum,
283 2351 333 2384 vt
363 2338 412 2384 in
447 2356 666 2401 magnam
703 2337 1057 2403 celebritatem,
1105 2354 1400 2405 spectatores

84 2443 173 2474 nos
211 2425 427 2473 omnium
459 2426 608 2490 ipsius
642 2445 849 2492 operum
886 2441 932 2476 et
966 2426 1209 2477 studiosos
1245 2429 1401 2478 imita-

85 2530 212 2563 tores
257 2513 610 2573 introduxerit,
665 2518 912 2566 mentibus
947 2518 1122 2566 nostris
1158 2518 1399 2567 inuictum

88 2604 243 2654 omnis
276 2604 618 2670 magnitudinis
651 2605 867 2655 studium
900 2607 1220 2673 impressisse,
1276 2624 1401 2675 quae
