1752 3118
532 314 750 363 LIBRI
783 318 846 364 II.
885 318 937 363 Y.
1306 335 1413 370 nvn

99 440 455 504 quaestionum,
499 437 560 486 de
586 440 757 504 quibus
786 439 966 502 agitur,
1002 437 1244 503 ipsamque
1272 443 1415 490 ratio-

98 500 206 555 nem
224 507 617 572 praeceptionum
641 507 1047 554 commonstrabit.
1101 505 1248 571 Apud
1271 507 1414 557 Ioan—

98 591 204 620 nem
239 572 530 639 Crispinum‘
552 577 691 634 1570.
719 575 751 600 “
822 572 1070 621 Consentit
1102 572 1221 620 haec
1265 573 1412 623 editio

96 642 192 687 fere
222 657 330 687 cum
362 640 572 688 editione
602 641 836 700 Manutii,
871 655 917 687 et
946 640 995 688 in
1022 640 1269 688 nonnullis
1304 660 1415 690 cum

97 707 180 754 illa
210 707 494 756 Robortelli.
560 708 993 756 Paucaslectiones
1020 708 1068 754 in
1088 708 1298 769 margine
1319 728 1416 757 no-

97 788 212 821 tatas
236 773 396 837 habet,
428 792 550 840 quae
574 789 619 823 et
636 775 817 823 ecertis
839 774 973 821 libris
997 773 1222 839 deinceps
1249 778 1416 840 prola-

96 856 169 887 tae
203 855 321 889 sunt.
389 842 558 906 Itaque
602 860 738 891 vsum
770 841 917 890 hodie
951 856 1154 906 praestat
1188 859 1416 907 perquam

99 908 332 970 exiguum.
401 908 545 971 Eam,
581 911 776 957 sortasse
792 924 841 957 vt
861 909 1195 967 nouissimam,
1231 926 1417 976 expres..

97 990 261 1022 serunt
283 974 508 1042 deinceps
533 976 762 1034 editoreS,
797 993 947 1039 vsque
969 975 1029 1022 ad
1053 975 1296 1039 Tollium,
1334 980 1418 1042 qui

98 1056 144 1088 ct
171 1043 462 1090 sectionibus
488 1044 538 1091 in
563 1044 772 1109 Crispini
792 1042 1000 1091 editione
1019 1042 1236 1111 primum
1247 1046 1418 1093 notatis

97 1126 320 1157 numeros
346 1109 647 1158 addiderunt.

195 1176 326 1224 Bene
371 1176 596 1241 deinceps
645 1177 706 1225 de
752 1194 994 1242 anonymo
1037 1191 1203 1225 nostro
1246 1180 1420 1228 meruit

97 1242 286 1289 GABR.
322 1242 412 1291 DE
444 1243 690 1305 PETRA‚
738 1244 866 1290 Prof.
897 1243 1114 1290 Graecar.
1154 1243 1418 1294 litterarum

95 1309 146 1355 in
174 1308 432 1358 Academia
461 1310 799 1359 Lausannensi.
869 1311 1026 1358 Huius
1060 1307 1211 1359 editio
1238 1312 1421 1377 prodiit

96 1376 348 1437 Geneuae‚
394 1395 466 1443 ap.
501 1379 571 1427 Io.
609 1377 950 1436 Tornaesium,
990 1380 1130 1427 1612.
1169 1381 1212 1427 8.
1283 1379 1422 1436 Quo-

96 1444 221 1490 niam
254 1445 434 1508 primus
463 1446 547 1493 ille
568 1445 699 1493 hunc
719 1446 897 1492 librum
923 1444 1093 1491 Latine
1113 1446 1275 1510 vertit,
1321 1447 1420 1495 hoc

94 1510 296 1558 maxime
331 1512 525 1560 nomine
557 1513 681 1560 inter.
714 1511 923 1559 editores
954 1509 1262 1572 ἀξιολόγους
1290 1517 1422 1562 refe-

95 1576 273 1624 rendus
294 1592 375 1625 est.
431 1578 488 1626 In
512 1578 604 1627 hac
629 1578 702 1627 ed.
723 1579 917 1642 singulis
942 1578 1121 1642 paginis
1141 1579 1282 1628 binae
1310 1599 1423 1630 con-

94 1644 304 1691 tinentur
337 1646 620 1704 columnae,
657 1663 856 1710 quarum
884 1646 1084 1692 interior
1115 1646 1299 1694 Graeca
1333 1667 1422 1697 au-

94 1711 244 1758 ctoris
285 1710 458 1774 habet,
518 1713 722 1760 exterior
757 1711 1040 1760 versionem.
1110 1712 1167 1760 In
1212 1717 1422 1780 margine

97 1777 158 1825 de
188 1778 329 1825 rebus
359 1795 617 1844 earumque
657 1797 779 1827 nexu
809 1779 1022 1826 breuiter
1044 1777 1350 1844 'disseritury
1371 1785 1423 1832 in

94 1843 262 1910 paucis
284 1845 403 1893 locis
428 1847 571 1894 etiam
597 1845 656 1894 de
682 1846 889 1894 lectione
916 1861 963 1894 et
986 1846 1243 1894 verborum
1263 1867 1422 1898 sensu.

95 1911 287 1968 Cetera,
328 1929 449 1975 quae
475 1928 587 1979 post
608 1913 960 1962 dedicationem
984 1913 1158 1961 inserta
1183 1916 1300 1964 etin
1326 1919 1422 1966 fine

95 1977 208 2026 libri
252 1977 413 2027 addita
453 1994 590 2042 sunt,
641 1980 700 2028 de
745 1981 982 2042 auctoris,
1034 1984 1115 2046 qui
1161 1983 1422 2045 ferebatur,

95 2045 216 2109 vita,
253 2044 314 2093 de
348 2063 628 2112 argumento
658 2049 805 2098 totius
828 2048 969 2107 libri,
1005 2048 1252 2110 συνάψεις
1274 2069 1420 2116 porro

97 2111 465 2178 μερικώτεραι,
510 2117 684 2179 quibus
720 2115 1012 2178 singularum
1047 2117 1310 2166 sectionum
1347 2139 1423 2168 ar-

100 2194 318 2243 gumenta
335 2197 661 2246 exponuntur,
684 2200 783 2230 non
803 2196 914 2229 sunt
937 2183 1095 2247 inepta
1115 2197 1199 2230 aut
1221 2186 1427 2251 inutilia,'

99 2245 184 2293 sed
201 2264 288 2294 nec
313 2250 472 2312 magni
494 2250 753 2309 momenti,
796 2248 945 2297 hodie
967 2252 1242 2315 praesertim
1260 2290 1274 2315 ,
1311 2273 1425 2304 cum

101 2312 266 2360 eadem
287 2314 543 2367 habeamus
564 2317 736 2384 partim
757 2317 946 2368 vberius
967 2318 1141 2383 partim
1163 2320 1424 2384 elegantius

101 2381 345 2444 explicata.
576 2385 578 2388 ’
1407 2435 1410 2438 .

201 2448 422 2497 Proxime
476 2452 728 2517 insequens
790 2450 941 2499 editio
1000 2466 1071 2500 est
1125 2453 1424 2506 GERARDI

98 2512 529 2577 LANGBAENE3
576 2519 779 2579 Oxonii,
806 2522 949 2577 1658.
1017 2536 1090 2566 12.
1157 2523 1315 2572 Huius
1335 2526 1423 2590 aps-

99 2598 287 2645 paratus
318 2597 537 2632 externus
565 2605 661 2636 non
687 2585 895 2634 delectat
920 2585 1139 2634 homines
1173 2607 1306 2638 verae
1331 2594 1425 2639 ele-

99 2650 281 2711 gantiae
314 2667 456 2697 sensu
479 2652 696 2702 imbutos.
743 2653 999 2718 Inscriptio
1028 2655 1123 2700 aeri
1145 2655 1291 2704 incisa
1313 2660 1425 2707 ima-

102 2716 318 2778 gunculis
349 2719 635 2769 circumdata
660 2736 729 2769 est
750 2739 920 2787 parum
943 2721 1066 2768 inter
1087 2738 1136 2768 se
1159 2741 1426 2791 congruenae
