1718 3122
271 260 356 300 552‘
613 258 841 300 'VARIAE
875 254 1240 300 LECTIONES

356 370 603 439 λειπόμενα]
635 370 722 409 Vat.
744 385 781 410 2.
801 370 1057 427 λειπόμενος.

355 430 434 469 Δεῖ
451 443 535 481 γαρ
553 422 718 479 αὐτοῖς]
760 426 849 466 vat.
868 426 905 465 3
923 441 1048 479 super
1069 426 1215 470 αὐτοῖς
1234 426 1318 467 alia
1335 439 1459 467 manu
1484 430 1590 468 scri-

273 488 408 549 ptutu
403 484 529 522 habet
541 481 704 526 αὐτους.
733 482 836 521 Rob.
853 489 991 521 autem
1003 484 1084 522 hoc
1097 482 1251 526 αὐτους
1260 483 1303 521 in
1316 490 1437 522 textu
1448 484 1589 525 habet.

359 536 464 580 οὕτω
476 537 525 587 δη
537 542 611 578 καὶ
624 538 688 590 χ.]
715 538 805 577 Par.
819 535 925 580 οὑτω
941 538 984 578 δὲ
1004 543 1080 579 καὶ
1095 554 1139 590 χ.
1179 538 1229 579 ln
1241 538 1330 580 Vat.
1344 539 1381 577 3.
1402 554 1528 592 super
1540 541 1592 591 δη

288 600 373 633 tem
391 595 594 647 scriptum
613 593 668 634 δὲ.

329 658 369 714 §.
391 661 428 699 3.
456 663 549 716 μέγ.
572 677 617 714 μ.
636 664 664 700 ἐ.
686 678 718 700 τ.
742 659 950 713 ἀγαθῶν]
984 661 1075 701 Va‘t.
1100 675 1133 701 1.
1153 662 1253 718 μέγ.
1276 662 1356 716 μὲν
1377 661 1593 703 εἶναιτῶν

271 714 454 767 ἀγαθῶν
478 717 514 756 ό.
521 731 700 765 ποιητης
717 721 787 757 ἐπὶ
806 716 861 765 τῷ
885 716 1065 771 κολύμῳ.
1093 714 1364 771 μαχλόταται
1382 725 1458 756 etc.
1484 717 1592 757 Nam

226 802 234 809 .
269 771 327 810 sic
347 773 623 825 prosequitur
648 771 693 809 in
718 772 861 811 verbis
882 772 986 809 alius
1012 772 1250 823 scriptori5‚
1278 774 1395 812 nulla
1421 774 1594 822 lacunae

267 828 338 866 vel
361 827 518 866 erroris
538 832 637 864 nota
656 826 856 878 apposita.
891 826 1060 865 Verba
1049 841 1139 879 ipsa
1156 827 1200 865 in
1219 827 1430 878 Addendis
1452 836 1593 873 trans-

270 882 524 948 scripsimus.

288 943 295 947 '
350 937 399 977 τό
417 934 617 1004 εὐτυχεῖν]
646 937 736 975 Vat.
762 951 794 976 1.
820 935 877 986 τῷ
900 939 1099 1003 ἐντυχεῖν
1145 937 1237 977 Vat.
1258 951 1295 978 2.
1318 939 1367 980 τό
1388 939 1593 992 εὐτειχεῒν.

351 991 399 1032 τό
418 988 463 1033 εὗ
482 991 775 1047 βουλεύεσθαι]
806 993 894 1032 Vat.
920 1007 952 1032 1.
977 992 1024 1032 τό
1051 987 1095 1033 εὗ
1115 992 1364 1034 διαθέσθαι.

348 1050 631 1100 συναναιρεῖ
618 1063 663 1087 π.
686 1065 723 1088 κ.
748 1047 854 1103 &aare
856 1049 950 1102 ρον]
977 1048 1065 1087 Vat.
1082 1062 1115 1087 1.
1135 1054 1386 1101 συναναιρεῖ
1401 1050 1594 1102 (spatium

267 1117 468 1153 vacuum;
499 1111 540 1142 et
559 1104 721 1153 deinde)
739 1110 815 1144 καὶ
834 1104 1053 1168 &oin-6901}-
1113 1104 1231 1148 Zacc.
1251 1106 1296 1143 in
1315 1106 1407 1145 Vat.
1433 1120 1466 1146 1.
1489 1107 1594 1145 scri-

267 1166 388 1211 ptum
410 1159 541 1199 tradit
563 1164 784 1212 συνανερεῖ
804 1165 879 1200 καὶ,
907 1159 1111 1215 θα’.τερον
1170 1161 1253 1200 Pro
1277 1162 1355 1202 vlt.
1380 1162 1425 1201 in
1445 1163 1533 1202 Vat.
1555 1175 1593 1203 2

268 1216 422 1269 legitur
441 1218 640 1269 θατέρου.

349 1272 559 1326 εἴποιμεν]
588 1272 677 1312 Vat.
699 1286 736 1312 2.
749 1273 796 1311 ·3.
818 1279 859 1311 et
875 1272 996 1312 Laur.
1014 1274 1203 1327 εἴπομεν.

352 1338 407 1381 ὠς
426 1338 453 1387 ἦ
467 1338 570 1393 μὲν]
620 1338 716 1378 Post
734 1339 838 1378 haec
858 1341 987 1379 verba
1004 1339 1154 1391 incipit
1171 1341 1320 1379 lacuna
1339 1339 1383 1378 in
1401 1341 1594 1379 omnibus

269 1393 502 1441 codicibus,
538 1394 738 1434 Vaticano
761 1409 795 1435 1.
817 1403 996 1447 excepto
1010 1424 1022 1443 ‚
1052 1396 1121 1446 qui
1143 1397 1254 1435 solus
1275 1395 1442 1447 reliqua
1463 1409 1593 1447 Vsque

267 1448 321 1487 ad
338 1449 463 1488 finem
483 1449 604 1488 huius
622 1450 817 1490 sectionis
836 1451 1028 1491 seruauit.
1060 1450 1122 1490 De
1144 1466 1192 1491 eo
1210 1450 1322 1503 quod
1339 1451 1386 1489 in
1405 1450 1594 1490 Parisino

267 1504 526 1556 adscriptum
539 1535 550 1554 ‚
580 1509 713 1548 λείπει
723 1537 737 1555 ,
766 1507 857 1548 dixi
873 1508 917 1546 in
932 1507 1205 1559 praefatione.

353 1559 456 1601 καθ’
478 1561 625 1615 ἑαυτά]
664 1563 754 1603 Vat.
773 1576 806 1601 1.
831 1562 933 1604 καθ)
960 1562 1125 1604 ἑαυτόν.

353 1643 432 1682 μοι
458 1628 588 1681 δοκεῖ]
619 1630 709 1669 Vat.
733 1644 766 1670 1.
783 1644 863 1684 μοι
884 1628 1008 1670 δοκῶ.

350 1694 579 1749 ἡγήσαιτο]
616 1697 705 1735 Vat.
730 1710 762 1735 1.
787 1699 1029 1751 κομίσαιτο.
1086 1695 1133 1734 In
1147 1693 1335 1733 Parisino
1356 1694 1493 1746 aliquo
1519 1708 1593 1733 co-

268 1747 381 1797 dice,
410 1750 461 1789 de
478 1765 558 1802 quo
575 1751 753 1790 Boiuinii
771 1753 901 1791 verba
919 1751 1183 1801 transscripsi
1197 1751 1239 1788 in
1260 1750 1594 1788 animaduersio-

268 1806 410 1853 nibus,
437 1813 599 1845 tantum
621 1808 880 1859 reperitur..
892 1823 1048 1848 σαιτο.
1090 1806 1398 1858 Ceterumfpost
1416 1820 1461 1846 v.
1481 1808 1593 1847 θεω-

269 1864 369 1938 ρίαν
393 1861 525 1901 codex
546 1863 634 1903 vat.
658 1863 818 1916 primus
838 1864 966 1915 plane
989 1862 1142 1902 deficit.

762 1961 965 2003 SECT.
1023 1962 1090 2002 111.

324 2029 367 2083 §.
391 2043 424 2069 1.
454 2029 668 2085 μάκιστον
689 2029 830 2083 σεἏας]
864 2030 955 2071 vat.
980 2043 1018 2071 2.
1037 2030 1245 2072 κάκιστον
1259 2032 1395 2084 γεἌας.
1446 2029 1535 2070 Vat.
1555 2031 1594 2070 3.

270 2092 314 2126 et
331 2085 452 2124 Laur.
472 2086 677 2127 κάκιστον
698 2088 836 2130 σέλας.

353 2144 411 2181 Εἰ
431 2142 548 2196 γάρ.
563 2142 811 2196 Ηὸψομαι]
846 2142 936 2182 Vat.
960 2155 1000 2183 2.
1023 2147 1064 2183 ει
1079 2158 1162 2196 γαρ
1182 2138 1467 2193 τινεστιοῦχον
1485 2140 1595 2196 ἕψο-

269 2214 364 2252 μαι.
403 2199 496 2237 Vat.
524 2199 562 2237 3
589 2203 627 2239 εἰ
646 2214 730 2253 γαρ
758 2197 832 2240 τιν’
850 2197 1071 2251 ἑστιοῦχον
1103 2197 1292 2254 ὄψομαι.
1348 2197 1430 2238 Pro
1453 2198 1528 2239 vlt.
1551 2212 1591 2239 v

269 2253 391 2292 Laur.
410 2254 538 2294 habet
555 2254 736 2309 ὄψομεν.

351 2309 635 2365 χειμάῤῥοον]
664 2311 758 2350 vat.
776 2323 816 2350 2.
830 2309 1083 2366 χειμάροον.

356 2375 536 2429 πυρώσω
564 2381 640 2417 καὶ
671 2393 710 2417 κ.
721 2377 738 2430 ]
777 2376 869 2416 vat.
882 2389 920 2416 2.
948 2392 1132 2431 πυρωσω
1162 2393 1274 2418 κατα
1273 2377 1591 2442 ἴθρακιόσομαι.

269 2432 452 2489 (vocalis
473 2449 504 2473 α
525 2433 571 2471 in
590 2433 774 2472 secunda
791 2433 882 2486 syll.
902 2433 955 2472 ad
976 2433 1221 2472 dexteram
1209 2447 1255 2472 m
1269 2435 1352 2472 ima
1372 2441 1493 2486 parte
1512 2435 1594 2473 mi·-

268 2494 417 2528 nutum
443 2490 754 2528 semicirculum
775 2489 1020 2529 adiunctum
1037 2488 1182 2538 habet,
1218 2490 1396 2530 similem
1427 2490 1593 2542 spiritui

270 2544 387 2593 leni.)

357 2604 471 2654 κέκρ.
492 2616 560 2666 mo
579 2600 646 2655 τό]
670 2602 763 2641 vat.
785 2613 825 2644 2.
854 2599 1046 2657 κε’κραγοὶ
1063 2615 1129 2642 πω
1150 2599 1211 2643 τό.
1250 2600 1407 2642 Manut.
1425 2600 1595 2658 κεκράγ”

270 2655 293 2677 ”
320 2659 439 2698 εἴπω.
