1718 3122
596 242 773 320 mni
798 266 862 317 11.
896 278 940 317 Y.
1349 283 1428 332 627

103 394 227 432 Laur.
250 406 327 445 pro
337 392 502 444 ῐαφετοι
520 390 592 430 dat
611 387 813 441 ἄφεστοιε
842 390 894 428 de
913 388 1062 428 ceteris
1073 389 1182 456 nihil
1201 392 1431 442 proditum.

102 449 135 489 E
155 450 243 488 Vat.
274 449 314 487 3.
343 448 446 487 haec
474 445 675 486 notanda·
705 444 791 484 κᾶν
813 444 1035 486 ἑπικάνσει
1059 443 1113 483 οἳν
1132 450 1231 489 τοῖς.
1273 448 1431 501 Sc1ipsi

101 506 146 544 in
165 511 269 543 nott.
289 504 427 542 nescio
445 500 665 554 quomode,
686 500 874 539 Vaticani
891 499 1009 539 tertii
1029 512 1115 537 esse
1136 500 1215 540 τῶν
1231 505 1426 551 πλι]σι’.ογ

101 560 216 599 Sed
204 573 338 611 lpsum
360 557 513 596 Amatii
533 555 742 594 silentium
762 555 844 593 hoc
863 555 1032 593 refutat.
1082 554 1166 592 ve1
1168 569 1237 593 um
1258 558 1301 595 in
1320 558 1411 598 Par.
1404 589 1429 608 .,

100 615 239 655 Bastio
266 614 376 653 clare
405 618 603 659 testante,
628 611 845 662 reperitur
875 608 989 650 και-οὶ
1017 608 1096 649 τῶν
1130 612 1325 659 πλησίον.
1363 615 1429 653 Cf.

100 674 206 709 nott.
234 665 336 707 Rob.
354 672 525 719 praeter
546 664 626 708 τῶν
647 669 833 715 πλησίον
853 665 978 705 habet
999 679 1023 703 a
1042 665 1196 704 nostris
1216 666 1430 710 diuersum

100 728 172 766 ἐπί
191 740 255 765 τοι
286 738 315 764 ε.

155 739 432 834 §.117‘02023
465 778 508 818 δὲ
533 775 753 831 δαπανᾶν]
791 775 947 816 Omnes
977 775 1097 815 codd.
1130 781 1173 815 et
1200 784 1303 817 vett.
1333 780 1433 820 edd.

101 832 206 879 ὅλως
227 835 270 875 δὲ
289 834 508 876 δαπανῶν.

178 884 234 959 ᾖ,
266 889 373 940 πλήν
408 889 573 944 ὀλίγων]
602 890 694 930 vat.
728 903 769 939 2.
797 894 842 931 οἵ
869 888 980 940 πλην
1011 887 1174 941 ὀλίγων
1204 889 1296 934 Vat.
1316 890 1359 929 3.
1386 895 1434 933 οἳ

100 947 215 997 πλην
235 947 398 1001 ὀλίγων.
426 945 533 994 Par„
553 947 724 986 Pearcio
741 945 967 998 Bastioque
981 945 1234 993 auctoribus,
1257 946 1304 987 οἶ
1318 947 1432 998 πλην

102 1004 264 1057 ὀλίγων.
307 1003 478 1041 Robort.
500 1009 638 1040 autem
661 1005 706 1042 οἳ
723 1000 834 1052 πλην
853 1000 920 1041 du
946 1016 1019 1042 ων.

185 1058 263 1100 οὐκ
285 1058 417 1107 ἄλλως
437 1072 533 1098 πον.
555 1056 600 1109 ἢ]
630 1057 721 1097 Vat.
742 1056 854 1098 2.οὑ
873 1058 1034 1100 καλλως
1052 1054 1334 1109 πονοῦντεςῆ.

155 1115 196 1170 §.
213 1127 275 1154 12.
312 1112 564 1166 Κράτιστον
590 1112 633 1152 δ’
643 1113 734 1163 εἰκῆ
765 1125 802 1154 τ.
835 1112 925 1165 έᾷν]
954 1113 1074 1160 Pan,
1106 1120 1211 1152 teste
1237 1113 1296 1162 B.‚
1318 1114 1430 1168 κρά-

98 1180 242 1212 τιστον
269 1171 360 1233 §2357
384 1167 496 1209 ταῦτ
515 1167 607 1233 ἐᾷν.
638 1169 750 1221 quod
772 1175 814 1208 et
836 1168 940 1208 Rob.
964 1143 1104 1207 edidit.
1126 1168 1252 1208 Laur.
1277 1170 1430 1223 κράτι-

102 1242 205 1267 στον
225 1223 330 1274 εἱκῆ.
341 1225 451 1291 μ..Ἶῖεή
466 1237 503 1263 2.
524 1224 767 1277 κράτιστον,
795 1223 886 1274 εἰκῆ
906 1223 1018 1265 ταύτ’
1036 1223 1121 1265 ε’ὁίν.
1151 1225 1241 1264 Vat.
1259 1227 1298 1264 3.
1319 1226 1430 1279 κρά-

100 1297 242 1323 τιστον
270 1279 361 1330 εἰκῆ
391 1278 503 1321 ταῦτ’
531 1279 608 1321 ἐαν
637 1282 782 1344 (Zacc.
810 1280 855 1318 in
887 1280 968 1319 hoc
997 1280 1198 1332 scriptum
1228 1281 1432 1334 significat

104 1337 336 1390 κοάτιστον
356 1335 450 1386 εἰκῆ
471 1342 549 1376 etc.
561 1335 590 1388 ).
620 1336 757 1389 Ergo
745 1349 790 1374 111
803 1335 868 1374 his
885 1334 927 1375 δ’
947 1335 1059 1374 haud
1077 1342 1306 1387 repertum.
1347 1337 1432 1377 Sed

100 1393 308 1433 Hudson
296 1406 340 1431 m
361 1392 423 1431 El.
447 1394 512 1446 (vt
531 1392 768 1445 discrepans
789 1406 813 1430 a
827 1391 1028 1430 Tollianis
1047 1393 1276 1443 κράτιστον
1294 1391 1334 1432 δ’
1347 1394 1430 1444 εἴη)

100 1463 188 1487 esse
207 1448 336 1487 uadit
351 1447 390 1488 δ’
402 1447 505 1497 εἰκῆ,
533 1448 579 1486 111
598 1462 727 1501 marg.
746 1449 826 1503 μὲν
846 1442 945 1489 οὗνε
972 1447 1093 1487 modo
1115 1460 1167 1486 ne
1183 1448 1319 1488 solum
1337 1447 1432 1500 εἰκῆ

98 1505 247 1557 pros-m
250 1518 295 1543 rc
316 1504 514 1542 voluerit

185 1564 280 1613 περὶ
300 1553 358 1599 ὦν
380 1563 424 1600 ἐν
442 1559 534 1609 ἰδίῳ
557 1575 603 1600 π.
617 1561 632 1614 ]
663 1558 755 1600 vat.
780 1574 818 1601 2.
846 1564 941 1616 πεοὶ
962 1558 1020 1600 ὢν
1039 1563 1082 1600 ἐν
1098 1558 1190 1598 ἰδιω
1211 1561 1434 1626 ποοηγού-

98 1622 246 1671 ’μενοικ
297 1615 357 1653 De
380 1616 539 1654 vltimis
568 1617 723 1656 veteris
746 1599 913 1656 librarii
924 1616 1065 1655 verbis
1087 1620 1181 1667 περὶ
1198 1611 1256 1656 ὧν
1272 1618 1313 1654 111
1336 1618 1429 1656 cod.

101 1672 196 1710 Par.
207 1675 371 1734 (cetera
386 1672 496 1710 enim
520 1685 645 1710 manu
664 1674 900 1721 lecentiore
925 1678 1019 1711 sunt
1037 1671 1191 1723 addita)
1211 1673 1295 1711 vid.
1319 1673 1431 1712 dicta.

98 1726 371 1779 Rostgaardi
359 1740 403 1764 m
421 1727 554 1780 praei.
580 1741 623 1780 p.
644 1718 748 1776 XIV,
788 1742 894 1780 quae
910 1724 1150 1767 testimonio
1170 1741 1244 1766 suo
1269 1727 1430 1767 confir-
1473 1742 1475 1744 ·

99 1790 188 1822 mat
209 1783 380 1822 Bastius.

183 1839 370 1895 γράψαι
383 1838 540 1895 ὑτομ]
568 1839 660 1880 vat.
684 1853 722 1879 2.
735 1839 924 1906 γράψεν
953 1839 1040 1882 ὑπο
1047 1847 1282 1895 μνηματΐ,
1312 1838 1336 1881 ὂ
1357 1839 1432 1887 τήν

101 1911 155 1937 τε.
200 1896 290 1934 Vat.
313 1896 351 1933 3.
369 1896 555 1949 γράψειν
573 1894 871 1951 ὑπομνήματι·
903 1896 930 1937 ὂ
948 1896 1024 1958 τήν
1043 1911 1095 1936 τε.
1125 1895 1258 1935 Etiam
1281 1897 1324 1934 in
1336 1896 1432 1937 Par.

103 1951 127 1991 ὁ
151 1957 247 1989 ante
264 1949 339 1999 τήν
357 1966 397 1990 τε
417 1951 583 2002 legitur.

187 2010 349 2061 μοῖραν
370 2011 514 2058 ἑπεχ..
577 2007 703 2062 .[ούκ
723 2009 883 2064 ἐλαχ.]]
911 2010 1003 2049 Vat.
1026 2022 1065 2050 2.
1092 2015 1134 2047 et
1152 2006 1273 2047 Laur.
1291 2007 1432 2058 primo

103 2066 285 2119 μοι’ρας;
314 2062 465 2100 deinde
492 2037 560 2102 hi'c
590 2063 819 2116 ἐπεχόντων
842 2081 898 2110 ως
915 2066 1033 2121 ἡμῖν,
1066 2065 1144 2104 ille
1167 2069 1306 2102 autem
1328 2064 1432 2118 μοι’-

103 2133 185 2171 ρας
197 2119 650 2174 ετεχωντωνωςημην
682 2121 774 2159 Vid.
787 2120 979 2160 Bandinii
1001 2121 1119 2159 catal.
1136 2119 1258 2158 codd.
1272 2127 1434 2170 graece.

101 2175 203 2214 bibl.
218 2175 324 2212 Med.
341 2173 462 2213 Lam.
475 2174 592 2215 Tom.
611 2175 659 2215 ΙΙ.
683 2176 776 2215 cod.
790 2176 913 2216 XXX.
944 2177 1039 2216 Post
1062 2175 1277 2219 zOocVat.
1272 2149 1431 2226 t³vterq.

106 2231 222 2269 addit
244 2228 375 2285 α’μην.
424 2230 606 2270 Verbum
622 2231 757 2281 δοκεῖ,
786 2229 926 2284 quod
914 2245 957 2271 m
975 2233 1094 2271 nullo
1117 2232 1230 2284 prius
1253 2231 1431 2268 collato-

104 2299 199 2324 rum
231 2286 349 2324 codd.
381 2292 598 2337 repertum
630 2294 711 2335 est,
751 2289 912 2328 aLaur.
943 2288 1174 2327 secundum
1207 2285 1289 2324 viri
1316 2285 1432 2323 docti

106 2348 307 2393 excerpta
333 2341 420 2379 sisti
446 2342 628 2382 videtur.
685 2344 768 2383 Sed
794 2345 1006 2385 silentium
1036 2344 1123 2383 eius
1150 2355 1234 2380 non
1259 2341 1431 2394 praebet

107 2404 268 2437 certum
285 2404 584 2449 argumentum.

1494 574 1522 585 δ
