1718 3122
302 250 390 301 576
645 247 879 291 vAmAE
918 231 1285 289 LEcT10NEs‘

319 393 323 397 ι
372 361 655 416 -πεπαῖχθαι]
691 361 753 402 Ita
772 375 868 401 cum
891 362 982 402 Vat.
997 369 1175 415 vtroque
1195 362 1504 402 Laurentianus,
1543 361 1616 402 Et-

292 419 392 458 aiam
422 419 467 458 in
493 418 587 458 Par.
606 424 746 459 exstat
778 421 1039 470 πεπαῖχθαω
1072 420 1163 468 sed,
1190 418 1326 458 Bastio
1350 425 1474 466 teste,
1502 419 1618 457 locus

309 478 369 513 e'st
385 481 511 524 ra'sus,
532 488 662 526 neque
680 480 815 526 potest
832 474 1027 526 dignosci,
1050 475 1150 527 quid
1163 488 1240 527 pro
1251 475 1405 512 litteris
1421 490 1471 514 αι
1479 488 1531 527 Ρι
1533 476 1616 512 imo

305 530 450 569 suerit.
498 531 640 569 Ambr.
659 536 794 569 autem
813 530 983 581 praebet
1002 545 1034 569 π
1053 533 1250 582 σαΐχθαι.
1291 529 1494 569 Hudson
1479 544 1528 568 ιιι
1549 529 1615 567 ed.

311 595 427 634 1710.
457 599 510 626 ex
542 586 605 626 El.
633 585 811 638 protulit
843 586 1135 638 πεπαῖχσθαι,
1175 593 1217 624 et
1244 600 1266 624 e
1298 599 1425 637 marg.
1452 590 1527 625 καὶ
1554 583 1618 639 μή

306 642 470 690 παῖξαι.
525 641 789 680 Robortellus
819 655 896 694 pro
926 642 1055 681 verbo
1075 642 1213 695 posuit
1230 640 1469 680 asteriscum
1489 640 1534 678 in
1553 641 1617 680 la-

287 709 421 736 cuna.
455 696 661 737 Manutius
684 702 759 737 ml
777 696 840 751 μή
861 698 1028 745 παῖξαι.

291 774 305 785 2
363 752 408 807 ς.
429 753 468 792 3.
500 758 538 793 εἰ
557 752 842 806 προςτιθείης]
868 753 960 791 vat.
983 765 1021 791 2.
1048 757 1086 793 εἰ
1102 751 1208 806 πρός
1228 753 1401 800 τιθείης.

394 856 611 897 ἀκούσειεν
631 852 759 905 αἰών]
786 854 877 892 Vat.
896 867 934 892 2.
957 854 1132 895 ἀκούσει
1146 856 1311 897 ε’ναιαὶν.

387 913 445 951 Εἰ
463 912 511 951 δέ
523 916 601 960 τις]
629 909 718 948 Vat.
743 920 782 947 2.
805 914 842 949 εἰ
862 908 905 949 δὲ
926 925 1002 954 τις.

379 965 543 1019 χρόνου
569 964 619 1006 ού
642 966 722 1015 ‹7229-
733 965 764 1029 ]
797 964 885 1003 Vat.
919 971 1092 1017 vterque
1121 980 1218 1004 cum
1247 966 1396 1005 ceteris
1425 966 1546 1006 codd.
1574 973 1615 1005 et

302 1027 402 1062 vett.
419 1022 666 1060 editionibus
679 1017 841 1071 χρόνου
861 1022 963 1071 (pff,
993 1020 1078 1059 sine
1100 1021 1328 1073 negatione.

385 1075 525 1142 ἀτελῆ]
557 1077 649 1116 Vat.
673 1076 710 1114 5.
731 1080 773 1113 et
790 1074 962 1115 Robort.
983 1075 1122 1126 ἁτεκῆ

385 1125 502 1185 ὅλως]
532 1132 689 1172 Manut.
711 1127 819 1179 ὅλης.

380 1188 566 1241 χρόνον]
606 1187 726 1226 Solus
746 1186 1010 1226 Robortellus
1030 1187 1107 1227 ita:
1140 1187 1343 1240 χρόνον*
1363 1188 1492 1240 ὄγκου
1513 1193 1590 1226 etc.
1603 1215 1613 1235 ,

305 1245 467 1295 aliquid
485 1243 684 1282 excidisse
703 1241 956 1293 significanS,
985 1245 1096 1296 quod
1113 1245 1167 1284 ad
1182 1244 1292 1283 hanc
1321 1250 1392 1283 aut
1415 1257 1526 1295 sequ.
1546 1256 1613 1282 se-

232 1331 234 1333 .
302 1301 486 1339 ctionem
507 1298 752 1351 pertineret.

775 1363 1005 1404 SECT.
1060 1366 1147 1405 XV.

354 1421 396 1476 §
416 1433 451 1462 1.
483 1436 516 1460 ω
535 1419 699 1473 νεανία]
728 1420 820 1459 vat.
840 1433 878 1459 2.
900 1435 929 1459 ω
955 1436 997 1461 νε
1014 1419 1131 1462 civia.

381 1475 886 1543 παρασκευαςικωταται]
904 1477 994 1516 Vat.
1005 1488 1044 1515 2.
1061 1475 1193 1542 napo?
1208 1480 1610 1546 σκεβαστικωταται.

385 1529 492 1573 οὕτω
515 1533 648 1585 γοῦν]
677 1532 782 1580 Par„
803 1538 908 1570 teste
929 1532 1000 1582 B„
1029 1529 1135 1574 οὕτω
1155 1532 1190 1586 γ’
1202 1529 1289 1575 οὖν.
1316 1533 1384 1571 Sic
1410 1539 1452 1572 et
1472 1539 1561 1578 vat.
1572 1545 1611 1572 2.

296 1588 503 1627 Manutius
523 1589 625 1627 haec
640 1588 769 1629 verba
786 1588 938 1627 omisit.

380 1644 563 1696 λέγουσι]
594 1644 716 1682 Laur.
735 1645 942 1694 λέγουσιν.

379 1698 468 1739 πᾶν
491 1698 731 1753 ἐννόημα..
769 1697 1149 1753 .παριστᾰμενον]
1181 1699 1311 1739 Codd.
1341 1713 1484 1738 omnes
1514 1714 1609 1739 cum

294 1753 540 1793 Robortello
574 1755 728 1792 habent
758 1753 871 1791 hunc
904 1756 1129 1794 verborum
1168 1754 1380 1793 ordinem.
1433 1754 1523 1795 πᾶν
1561 1771 1606 1795 το

294 1809 492 1850 ὁπωσοῦν
509 1810 587 1851 ε’νν.
607 1824 712 1861 γενν.
733 1808 858 1862 λόγου
879 1809 1212 1865 παριστάμενον.
1251 1810 1298 1848 Ιιι
1319 1811 1408 1848 Vat.
1431 1811 1468 1848 3.
1491 1811 1607 1849 Zacc.

293 1871 387 1917 post
412 1863 596 1920 ἐννόημα
626 1865 854 1912 diuersum,
899 1866 1039 1904 nescio
1066 1866 1187 1917 quid,
1232 1866 1347 1916 sequi
1378 1865 1606 1918 significat:

292 1920 367 1958 sed
388 1933 436 1958 ea
453 1933 537 1958 non
556 1920 681 1959 addit.
722 1920 874 1958 Verum
886 1921 1070 1958 Amatius
1083 1922 1197 1959 clare
1211 1919 1420 1972 prodidit,
1441 1928 1608 1960 vtrum-

291 1988 370 2027 que
395 1975 612 2014 codicem
599 1989 644 2014 111
664 1975 802 2013 verbis
820 1988 1044 2027 eorumque
1062 1976 1208 2014 ordine
1231 1976 1482 2015 consentire.
1524 1975 1606 2015 Pro

291 2029 421 2083 λόγου
443 2030 615 2070 Robort.
639 2030 884 2081 impressum
902 2031 1027 2070 habet
1041 2030 1177 2085 λόγον.

381 2086 511 2139 ἰδίως]
548 2086 636 2124 Hoc
657 2085 787 2123 edidit
805 2085 1023 2125 Manutius.
1069 2087 1196 2126 Codd.
1220 2100 1362 2126 omnes
1387 2100 1480 2125 cum
1500 2086 1604 2126 Rob.

288 2142 380 2191 ἤδη.
429 2142 548 2180 Zacc.
581 2149 723 2180 tamen
750 2142 905 2190 tradit,
929 2142 973 2179 in
991 2143 1081 2184 Vat.
1107 2155 1146 2186 2.
1171 2143 1248 2195 Pro
1275 2142 1354 2192 ἤδη
1375 2141 1414 2182 δ’
1440 2149 1605 2181 exstare

287 2198 361 2247 ἥδε
389 2197 443 2238 δὲ.
500 2197 694 2236 Ceterum
719 2197 764 2234 in
791 2210 918 2249 marg.
950 2197 1127 2237 Eliensis
1151 2199 1241 2238 cod.
1263 2198 1516 2249 adscriptum
1545 2204 1608 2237 est

290 2253 416 2298 ἰδίως.

370 2308 673 2375 κεκράτηκε..
674 2304 891 2372 ὁίλέγης]
922 2308 1013 2347 Vat.
1035 2322 1073 2348 2.
1108 2308 1362 2361 κεκράτηκεν
1387 2307 1597 2363 τοῦνομα,

288 2360 346 2404 ὅτ’
357 2364 412 2406 οἶν
433 2362 463 2404 ἂ
481 2367 611 2418 λεᾞγης
652 2364 756 2403 R.0b
771 2365 881 2403 item
898 2367 1018 2419 λέγης
1037 2366 1124 2404 sine
1147 2381 1164 2404 ι
1185 2367 1340 2405 subscr.
1392 2388 1398 2394 τ

372 2419 518 2486 δοκης]
544 2419 647 2459 Rob.
677 2419 822 2464 δοκεῖς.

370 2491 429 2516 vn
463 2475 568 2529 ὄψιν
585 2492 619 2515 τ.
633 2474 650 2527 ]
683 2476 774 2515 vat.
797 2488 837 2515 2
860 2476 1032 2532 ύπὸψεν
1050 2478 1188 2527 τ’ίθῆς
1237 2476 1339 2516 Rob-
1356 2478 1456 2518 item
1475 2477 1563 2515 sine
1587 2493 1604 2516 ⁶

287 2531 441 2570 subscr.
459 2531 592 2580 τιθης.

342 2587 383 2641 §·
401 2599 442 2630 2-.
479 2586 549 2630 Ὡς
571 2582 652 2626 δὲῗ
632 2603 686 2627 ετ.
703 2616 712 2624 .
729 2616 738 2624 .
752 2615 762 2625 .
780 2587 1002 2643 βούλεται]
1032 2590 1123 2631 Vat.
1147 2603 1187 2630 2.
1221 2605 1278 2634 ως
1297 2587 1379 2636 δεη
1399 2584 1603 2677 ρητορικῆ

289 2644 510 2693 φαντασία
527 2641 736 2698 βούλεται.
