1752 3118
451 274 752 319 SECTION.
782 273 929 314 XVIII.
965 273 1006 328 §.
1034 282 1075 317 ι’.
1342 282 1425 336 339

93 401 137 434 te
158 393 229 432 vel
249 406 273 431 a
291 389 525 430 confitente.
539 393 564 414 “
575 387 591 442 )
603 415 615 436 ‚
644 385 696 425 de
709 393 900 441 pysmate
917 385 1007 424 siue
1027 392 1211 442 quaesito
1233 403 1422 444 pergens,

93 452 328 501 „Quaesito
338 454 392 493 “‚
434 444 571 496 inquit
580 472 599 491 ‚-
630 441 831 491 „occurri
858 442 1024 480 nonnisi
1049 444 1245 495 pluribus
1273 454 1425 498 potest,

91 505 173 559 [vt]
194 504 273 543 hoc
301 501 423 541 modo
445 501 479 538 si
513 499 643 536 dicas:
684 513 767 551 qua
794 501 924 550 igitur
952 501 1113 538 ratione
1140 499 1283 539 bellum
1306 516 1423 555 gere.

93 563 213 600 mus?
252 573 354 612 quae
380 557 538 595 auxilia
561 554 677 593 nobie
704 561 857 606 parata
892 555 1042 594 erum?
1087 557 1181 608 quis
1209 560 1310 602 erit,
1353 563 1426 612 qui

92 617 302 655 subuenire
322 613 438 660 volit,
467 624 560 649 cum
599 617 686 649 tam
717 609 858 648 acerbe
887 611 1020 647 socios
1043 615 1425 655 ιναοιαιιενίιηαεθῑῑ

91 674 127 711 A
149 670 340 723 πύσματι
362 673 501 705 autem
521 664 669 708 πεῦσις
687 677 774 703 non
793 663 935 702 differt
963 663 1046 703 nisi
1068 665 1230 716 forma,
1271 681 1424 708 secun-

89 727 190 766 dum
220 737 344 776 quam
372 721 545 774 proprie
573 721 796 775 quaerendi
819 722 1025 759 actionem
1059 720 1284 773 significat,
1323 736 1422 774 non,

87 788 138 820 vt
158 780 379 827 hocloco,
406 779 634 832 quaesitum
650 776 799 828 ipsum.
855 775 925 814 Sic
955 781 998 814 et
1025 776 1228 831 ἐρώτησις
1254 778 1326 819 hic
1362 788 1424 820 est

87 834 295 891 ἐρώτημα.

170 892 250 932 τῶν
290 886 538 944 σχημάτων]
575 887 687 927 Haec
737 886 935 926 videntur
982 887 1214 929 abundare:
1247 891 1424 943 paulum

88 954 204 986 certe
234 951 432 998 corrupta
464 945 674 984 videntur.
740 941 853 980 Dum
884 943 1041 982 certius
1069 945 1175 996 quid
1205 947 1425 999 proditum

87 1003 246 1051 fuerit,
275 1008 374 1054 puto
396 1000 541 1040 addita
561 1013 670 1048 esse,
697 1005 746 1038 vt
776 998 853 1036 illa
877 998 1185 1050 distinguantur
1212 1002 1265 1041 ab
1292 1006 1423 1043 inter-

88 1061 249 1111 rogatis
285 1064 327 1096 et
355 1059 569 1111 quaesitis,
616 1067 720 1107 quae
750 1060 979 1093 occurrunt
1003 1056 1050 1094 in
1076 1056 1165 1095 vita
1193 1061 1422 1110 communi,

90 1127 195 1167 quae
214 1126 300 1152 non
320 1126 404 1158 ars,
430 1111 503 1151 sed
522 1112 611 1163 ipsa
626 1110 849 1148 necessitas
869 1110 1048 1161 profert.
1104 1111 1169 1150 Ex
1187 1113 1332 1152 eadem
1351 1115 1422 1153 di..

88 1168 325 1220 stinguendi
354 1167 585 1206 subtilitate
622 1165 747 1205 fluxit
775 1165 954 1203 fortasse
992 1166 1036 1204 in
1061 1165 1143 1205 fine
1169 1170 1422 1223 paragraphi

88 1225 148 1276 τῷ
167 1223 465 1278 σχηματισμῷ.

174 1278 466 1333 σοβαρώτερα]
490 1275 630 1315 Morus
646 1281 819 1328 etymon
848 1275 976 1327 magis
999 1289 1124 1328 quam
1151 1290 1274 1318 vsum
1299 1281 1424 1320 verbi

83 1342 253 1375 secutus
274 1332 466 1389 σοβαρόν
483 1332 580 1372 vult
597 1345 682 1370 esse
709 1335 855 1381 citum,
878 1331 1029 1372 mobile.
1088 1332 1171 1373 Sed
1200 1343 1263 1375 est
1280 1337 1422 1392 potius

89 1406 243 1446 graue,
271 1390 514 1439 venerabile,
544 1394 596 1427 vt
622 1397 654 1426 ε’
676 1386 814 1443 σεμνῷ
844 1399 996 1439 parum
1028 1389 1209 1430 differat.
1280 1392 1422 1433 Virtus

88 1447 202 1500 apud
220 1445 332 1487 Max.
353 1445 532 1498 Tyrium
555 1455 622 1492 20,
644 1457 679 1482 1.
702 1443 857 1481 dicitur
877 1443 1052 1498 σοβαρά
1071 1446 1253 1499 itemque
1276 1448 1420 1500 paullo

89 1509 186 1557 post
204 1500 444 1557 βαδίζουσα
463 1499 627 1554 ἠρέμα,
649 1512 754 1551 quae
775 1498 849 1537 vix
866 1499 1206 1552 conciliarentur,
1225 1503 1259 1541 si
1279 1507 1420 1558 σοβα-

89 1557 152 1611 ροέ
175 1564 281 1596 esset
299 1558 422 1611 agilis
442 1564 483 1595 et
504 1556 671 1595 mobilis.
729 1554 914 1593 Iulianus
933 1554 978 1592 in
1003 1555 1243 1597 Caesaribus
1266 1560 1318 1598 de
1335 1561 1419 1599 fla-

89 1614 242 1653 driano
261 1616 316 1664 (Ρ.
327 1613 366 1651 6.
377 1612 440 1651 ed.
451 1611 661 1662 Heusing.)
681 1608 812 1651 Μετοὶ
827 1609 975 1651 τοῦτον
990 1612 1258 1671 (Traianum)
1278 1619 1420 1656 ἐπεισ-

90 1672 260 1722 έρχεται
275 1670 463 1723 βαθεῖαν
480 1667 586 1719 ἔχων
605 1665 771 1715 ’ὑπήνην
790 1663 902 1719 ἀνήρ
924 1667 1124 1722 σοβαρός,
1150 1669 1203 1710 τά
1238 1686 1281 1712 τε
1310 1671 1419 1711 ἄλλα

91 1729 170 1766 καὶ
190 1722 242 1774 δὴ
260 1727 337 1763 καὶ
356 1722 570 1778 μουσικήν
588 1721 882 1776 ἐργαζόμενος.
939 1721 1110 1763 Rectius
1129 1724 1259 1778 igitur
1291 1726 1347 1767 Μ.
1374 1728 1421 1766 in

87 1780 287 1820 versione
304 1781 574 1819 vehementiae
597 1778 814 1816 notionem
834 1777 1016 1818 adhibet.
1077 1806 1080 1809 ψ

177 1836 393 1889 συντείνει]
422 1835 510 1875 scil.
527 1835 553 1875 o‘
571 1835 878 1888 Δημοσθένης,
908 1834 959 1872 de
989 1848 1070 1890 quo
1099 1842 1247 1875 auctor
1278 1836 1422 1876 dicere

90 1898 291 1944 coeperat
312 1891 377 1942 16,
398 1903 435 1930 2.
468 1898 510 1930 et
540 1891 747 1941 deinceps.
804 1889 874 1929 Sic
903 1897 1018 1929 recte
1049 1891 1255 1932 Pearcius.
1311 1891 1420 1931 Nam

92 1949 131 1987 ei
151 1961 247 1986 cum
266 1947 358 1986 aliis
375 1947 586 1999 intelligas
617 1948 778 1994 ἐκεῖνα,
815 1946 929 1997 quod
958 1946 1081 1986 initio
1112 1949 1315 2000 scriptum
1346 1955 1420 1997 est,

93 2004 237 2055 inepte
260 2003 339 2041 tibi
356 2003 648 2041 redundabunt
675 2001 805 2040 verba
834 1999 984 2045 αὐταῖς
1013 2006 1108 2048 ταῖς
1130 2033 1161 2043 ..
1177 2034 1185 2043 .
1209 2003 1420 2044 εἰδοποιῗ,

93 2074 180 2107 αις,
198 2058 343 2097 saltem
362 2058 443 2100 τῶν
465 2056 705 2113 σχημάτων.
1134 2105 1137 2109 ¹

180 2113 235 2154 τοὶ
259 2113 478 2169 λεγόμενα]
508 2127 591 2152 non
616 2113 811 2152 vniuerse
826 2141 837 2162 ,
866 2127 1135 2166 quaecunque
1163 2114 1321 2153 alicubi
1353 2114 1418 2153 di-

94 2177 269 2218 cuntur,
305 2170 376 2209 sed
405 2170 532 2221 haec,
568 2182 674 2222 quae
709 2168 905 2208 dicuntur
935 2170 980 2208 in
1009 2170 1190 2223 Philipp.
1223 2183 1257 2210 1.
1289 2183 1329 2222 p.
1353 2170 1420 2209 33.

92 2226 161 2265 ed.
180 2225 269 2264 Bas.

185 2283 241 2321 Τί
261 2280 344 2336 γάρ
363 2280 418 2323 ἄν
446 2284 611 2336 γένοιτο
644 2279 793 2322 τούτου
826 2281 1096 2336 καινότερον,
1134 2280 1186 2333 ἢ]
1228 2280 1419 2330 „Vocem

92 2336 243 2380 τούτου
266 2337 510 2376 eiiciendam
535 2350 621 2376 esse
644 2350 811 2386 censeo,
840 2339 938 2391 quia
956 2339 1144 2391 sequitur
1164 2335 1304 2388 r'J‘post
1319 2351 1421 2376 και-

92 2393 290 2447 νότερον,
334 2407 436 2446 quae
468 2394 675 2445 particula
708 2393 806 2432 satis
837 2395 1118 2447 comparan'uo
1149 2391 1383 2444 respondet.
1395 2396 1419 2437 ξ(

94 2455 262 2491 Pearce.
328 2449 505 2489 fallitur
531 2450 602 2488 vir
628 2449 904 2490 doctissimus.
983 2448 1216 2489 Istiusmodi
1244 2447 1420 2486 Pleona-

92 2506 194 2543 amis
221 2505 487 2544 delectantur
502 2505 642 2543 Attici.
670 2504 814 2556 Lysias
840 2513 948 2545 cont.
976 2505 1243 2545 Theomnest.
1262 2518 1301 2556 p.
1328 2503 1418 2543 183.

97 2563 160 2601 Τί
179 2560 262 2615 γάρ
284 2561 340 2603 ὁίν
363 2561 600 2601 ΤΟΥΊὈΤ
613 2559 897 2615 ἀνιαρώτερον
918 2565 1084 2614 γένοιτο
1113 2559 1250 2610 αὐτῷ,
1290 2557 1319 2607 ἢ
1352 2572 1417 2597 τε·-

94 2618 262 2658 θνᾶναι
297 2619 375 2673 μὲν
399 2615 484 2658 ὑπό
514 2617 595 2658 τῶν
626 2617 814 2670 ἐχθρῶν,
854 2621 1002 2660 αἰτίαν
1029 2617 1073 2659 δὲ
1096 2616 1204 2668 ἔχειν
1235 2612 1320 2654 ὑπό
1338 2611 1418 2653 τῶν

97 2673 286 2726 παίδωνς
335 2673 390 2714 ad
420 2686 544 2725 quem
571 2672 714 2713 locum
745 2674 1020 2715 consulendus
1054 2674 1107 2713 cl.
1136 2668 1417 2710 mark-landus.

1049 2738 1083 2778 Y
1118 2753 1142 2780 2
