1752 3118
318 296 399 335 348
619 291 846 335 NOTAE
868 294 953 334 AD
983 293 1066 334 DE
1092 294 1332 337 SVBLIM.

316 407 412 447 inde
437 419 614 446 consona
634 414 830 459 sequente
853 407 976 446 modo
1000 407 1331 456 adscriberetur,
1361 411 1485 449 modo
1506 414 1633 452 omit-

314 463 517 502 teretur.²·’
574 463 620 501 Id
646 462 851 502 hactenus
866 475 1015 501 verum
1038 470 1138 514 puto
1151 492 1161 511 ,
1189 469 1236 500 vt
1253 463 1378 516 vulgo
1401 465 1560 504 indocti
1578 469 1636 505 il-

314 518 393 556 lud
425 517 653 567 eliderent,
702 525 745 556 et
775 518 1012 556 doctiorum
1049 518 1137 562 alii¹
1157 518 1479 557 multitudinem
1504 520 1636 558 secuti

313 573 636 626 mollioremque
662 574 884 624 probantes
911 586 1080 621 sonum,
1109 578 1203 610 ante
1227 581 1495 618 consonantes
1515 574 1635 613 illam

311 628 501 667 litteram
530 642 607 667 nec
638 629 960 679 pronuntiarent
983 641 1060 666 nec
1088 628 1337 677 scriberent3
1377 628 1478 678 alii,-
1502 630 1635 668 ratio-

310 694 408 722 nem
427 689 467 721 et
480 683 710 734 analogiam
729 684 938 746 potiorem
957 683 1252 730 existimantes,
1281 657 1444 735 seinper
1466 691 1507 722 et
1520 684 1635 722 dice-

311 745 411 778 rent
423 744 464 776 et
475 738 707 776 scriberent
716 732 857 785 οὕτως,
877 750 1087 788 nunquam
1099 733 1216 777 οὕτω.
1237 738 1286 776 In
1294 738 1447 777 horum
1460 735 1634 778 numero

308 799 414 846 puto
427 792 554 831 fuisse
566 791 811 855 Longinum,
829 796 877 830 vt
888 791 1104 839 Criticum,
1123 799 1164 830 et
1175 806 1237 830 sul
1249 793 1398 831 iudicii
1407 794 1634 832 hommem.

310 847 418 886 Nam
439 861 519 899 per
535 861 578 886 se
603 842 706 887 οὕτω
728 846 843 884 nulla
861 846 1023 884 ratione
1042 847 1210 884 defendi
1232 853 1388 898 potest,
1418 849 1501 886 nisi
1523 850 1635 886 forte

311 909 356 942 et
376 902 568 951 asomum,
599 901 735 948 καλῶ,
766 914 892 954 πραω
912 907 1014 939 ante
1031 907 1302 939 consonantes
1324 909 1437 941 recte
1457 903 1634 948 habent,

310 971 390 1011 pro
412 956 619 1005 ωσαύτως,
650 955 801 1004 καλῶς,
831 954 990 1007 πράως,
1032 955 1322 1007 e'undemque
1310 969 1353 994 ιιι
1372 958 1541 997 modum
1561 972 1635 996 ce-

310 1020 403 1052 tera
423 1012 562 1050 omnia
585 1012 709 1054 huius
728 1011 889 1049 formae
906 1010 1114 1048 aduerbia.
1170 1009 1220 1048 In
1239 1011 1320 1049 hoc
1342 1011 1487 1052 libello
1510 1010 1637 1057 οὕτως

311 1074 409 1106 ante
439 1066 735 1106 consonantem
761 1065 973 1118 reperitur
1002 1066 1053 1114 4,
1074 1065 1113 1103 4.
1133 1077 1206 1114 21,
1237 1081 1270 1107 1.
1299 1072 1341 1106 et
1364 1079 1401 1105 2.
1430 1080 1566 1117 22,1
1594 1075 1640 1109 et

312 1123 464 1172 3.,25
495 1122 815 1171 4.32‚.,538
844 1120 1004 1160 2..et6
1036 1094 1336 1170 4o,1.41‚2.
1364 1124 1446 1172 43,
1477 1126 1525 1162 4:
1563 1124 1637 1163 sed

310 1174 417 1220 οὕτω
444 1191 491 1230 17
505 1207 516 1226 ‚
544 1191 582 1217 2.
627 1151 699 1226 i8,
729 1189 767 1216 2.
802 1183 843 1215 et
863 1177 936 1224 43,
966 1176 1005 1218 3.
1035 1160 1420 1241 Verisimillimum‚
1458 1179 1542 1219 imo
1561 1181 1637 1220 vix

307 1234 583 1273 dubitandum
609 1239 690 1282 est,
725 1232 851 1273 etiam
871 1231 945 1271 his
958 1231 1101 1284 paucis
1118 1231 1222 1271 locis
1247 1227 1375 1278 οὕτως
1396 1247 1482 1273 esse
1506 1231 1653 1275 resti-‘

307 1290 526 1330 tuendum.

393 1345 474 1387 τῶν
494 1345 638 1387 ἄλλων
651 1343 920 1398 προςθηκῶν]
947 1344 1029 1383 Sub
1049 1346 1233 1385 nomine
1231 1346 1492 1400 προςθηκῶν
1506 1348 1638 1388 intel-¹

306 1401 499 1454 ligendae
518 1408 615 1439 sunt
633 1401 840 1449 formulae
863 1402 1023 1450 breues,
1050 1415 1165 1453 quae
1171 1402 1408 1442 inseruiunt
1419 1404 1638 1443 transitio-

307 1459 355 1496 ni
378 1463 420 1495 et
438 1456 641 1495 hactenus
659 1456 1021 1495 coniunctionibus
1040 1464 1135 1495 sunt
1156 1457 1338 1507 similes3
1360 1465 1411 1497 vt
1419 1459 1569 1512 ,quod
1586 1461 1636 1498 ab

308 1513 430 1552 initio
447 1512 632 1564 positum
655 1511 863 1562 est,oi1‹5s}
881 1527 1001 1552 τουτο
1018 1526 1105 1565 χρη
1125 1516 1398 1564 παραλιπεῖν.

393 1582 479 1618 την
490 1582 575 1622 γαρ
602 1570 858 1620 ἐλευυερίαν-
861 1566 1037 1608 ἀπολύει
1055 1568 1129 1609 τοῦ
1151 1568 1326 1624 δρόμου]
1356 1571 1500 1610 Malim
1521 1570 1637 1612 ἄπο.-

309 1623 468 1666 κωλύει.
491 1623 784 1664 Rvnmflsmvs.
819 1624 1045 1675 Singularis
1062 1631 1176 1662 certe
1196 1638 1393 1664 numerus
1411 1627 1519 1665 ferri
1538 1634 1636 1679 pot—-

310 1687 405 1730 εει,
435 1680 597 1726 relatus
627 1680 684 1720 ad,
703 1679 873 1718 nomina
903 1680 1121 1718 masculini
1153 1682 1317 1731 generis
1352 1688 1396 1720 et
1417 1682 1634 1721 feminini·
1625 1712 1638 1732 ,

308 1749 431 1789 quam
457 1735 504 1773 in
535 1749 627 1774 rem
646 1735 793 1787 fragm.
821 1737 844 1774 8
875 1741 917 1773 et
931 1741 1204 1786 praeceptum
1231 1742 1272 1774 et
1290 1738 1532 1789 exemplum
1562 1753 1636 1777 oc-

306 1792 457 1831 currit.
512 1790 654 1829 Morus
673 1791 763 1842 legi.
776 1791 945 1829 volebat
964 1789 1213 1831 οἷπολύουσι.
1269 1791 1349 1830 Sed
1367 1792 1447 1831 hoc
1463 1806 1548 1831 non
1568 1807 1637 1832 es-

308 1854 372 1886 set
394 1847 639 1900 impediunt,
663 1859 815 1885 verum
835 1846 1071 1908 expedizmt,
1101 1846 1135 1883 si
1156 1846 1323 1897 quidem
1347 1862 1375 1886 a.
1389 1847 1497 1889 λύειν
1520 1863 1636 1888 com-

307 1903 499 1956 positum
510 1903 726 1942 statuebat.
762 1901 866 1940 Mihi
886 1902 1023 1953 primo
1039 1901 1084 1939 in
1101 1908 1281 1940 mentem
1303 1903 1420 1941 venit
1441 1904 1524 1955 legi
1538 1919 1636 1957 pos-e

308 1972 353 1998 se
375 1957 590 1999 ἀπόλλυσι
606 1957 691 1996 vel
696 1956 901 2005 ἀπώλεσε,
930 1960 977 1995 vt
996 1963 1131 1996 esset:-
1155 1957 1328 2010 affectus
1344 1962 1498 1998 amittit
1514 1962 1636 2000 liher-

309 2023 460 2065 tatem;
494 2020 588 2066 post
619 2020 778 2062 autem,
830 2013 1128 2061 αποκλείουσι,
1168 2013 1284 2063 quod.
1316 2014 1453 2053 ieferi
1457 2021 1550 2055 etur
1583 2016 1639 2055 ad

310 2070 568 2124 συνδέσμους
589 2076 632 2108 et
649 2068 912 2122 προςθήκας.
965 2067 1032 2107 Sic
1054 2067 1168 2120 apud.
1183 2061 1403 2109 Aelianum
1429 2071 1476 2110 V.
1495 2071 1555 2110 H·„·
1574 2073 1638 2121 14,

308 2139 367 2167 22
385 2133 492 2165 extr.
512 2132 715 2178 tyrannus
736 2127 922 2164 occurrit
939 2123 1014 2173 τήν.
1037 2128 1081 2164 ἑκ
1101 2122 1273 2175 φύσεως
1279 2124 1515 2167 ἀποκλείων
1527 2100 1638 2168 ἐλευ-

309 2185 475 2236 θερίαν.
533 2181 772 2220 Ruhnkenii
804 2165 913 2219 illud
946 2178 1184 2222 ἀποκωλύει
1219 2181 1358 2232 magis
1376 2184 1562 2232 morale,

309 2238 561 2290 loquuntur,
599 2236 950 2287 impedimentum
979 2235 1216 2287 exprimit,-
1233 2250 1364 2288 quam
1392 2237 1638 2290 physicum,

310 2293 365 2331 de
386 2307 466 2345 quo
485 2292 555 2331 hic
583 2292 730 2355 agitur.
772 2292 897 2331 ..Num
917 2290 1195 2331 ἀποκλείουσι
1214 2291 1269 2331 ιιι
1281 2292 1452 2332 eandem
1472 2302 1640 2347 partem

310 2349 487 2401 peccat?
517 2346 649 2386 Mihi
637 2349 719 2399 ipsi
733 2361 818 2388 non
834 2361 1010 2401 prorsus
1029 2348 1174 2399 liquet.
1345 2367 1347 2370 ·

790 2487 995 2535 ΞΕΟΓ.
1036 2487 1197 2538 XXII

394 2571 437 2625 §.
461 2586 494 2612 1.
527 2572 664 2613 πολλοὶ
681 2571 809 2626 γάρ..
821 2572 988 2614 ,ὁπόσα
1019 2572 1214 2625 δύναιτο]
1266 2570 1388 2610 Prior
1422 2571 1639 2621 sententia,

316 2626 454 2668 πολλοὶ
477 2658 486 2667 .
509 2659 518 2669 .
540 2659 549 2667 .
573 2628 723 2677 πάθη,
765 2631 945 2668 oratorie
974 2631 1142 2682 prolata
1175 2635 1256 2667 estz
1272 2626 1524 2679 posterior,
1565 2632 1642 2667 καὶ

310 2682 409 2724 οὐδ’
429 2682 484 2726 ἄν
498 2715 507 2725 .
522 2715 530 2724 .
543 2683 756 2735 .δύν,αιτο,
787 2698 888 2737 quae
913 2686 1051 2727 abesse
1071 2686 1223 2725 debere
1241 2684 1463 2731 videatur„
1486 2696 1510 2720 a
1527 2682 1640 2723 Lon-

1742 583 1752 691 ..c-„flmvs
1743 516 1752 563 ’.;·
1748 477 1752 495 ..
