1752 3118
311 295 397 345 IN
428 292 744 342 FRONTE
777 299 1136 344 LONGINI.
1271 308 1405 352 chu

89 425 162 490 gia
185 435 396 488 premere
420 417 549 465 illius
568 417 676 478 viri,
713 416 796 482 qui
817 431 864 466 et
886 417 1076 484 ingenio
1103 431 1150 466 et
1166 435 1253 468 vsu
1272 439 1409 486 prae-

86 489 258 554 pollet,
313 500 361 534 et.
394 502 514 550 quae
561 483 620 532 ad
654 485 943 533 firmandam.
965 486 1244 534 sententiam
1277 488 1406 538 illius

87 556 225 604 nobis
242 555 397 601 facere
415 551 516 599 visa‘
530 566 663 613 sunt,
700 553 845 616 paulo
867 553 1109 618 copiosius
1130 553 1405 604 edisserere.

187 621 381 684 Itaque,
448 618 589 665 vt.ab
627 618 723 668 hoc
758 620 1064 685 incipiamus,
1119 621 1247 668 illud
1280 636 1409 671 extra

88 704 275 738 omnem
304 686 513 750 positum
536 702 636 732 esse
659 684 848 735 videtur
877 688 1274 752 controuersiam,
1303 706 1411 737 non

85 755 327 803 Neronem
359 767 540 800 tantum
553 789 570 812 ‚
606 751 667 799 de
697 751 795 818 quo
822 754 1087 818 loquuntur
1113 768 1159 801 et
1184 754 1411 803 historiae

87 836 133 870 et
161 820 293 868 numi
317 820 528 884 (sueton.
553 820 663 867 Ner.
693 838 732 868 c.
758 824 831 868 25.
893 825 1118 869 Morellii
1137 819 1281 869 Thes.
1308 822 1414 870 Nu-

87 888 236 936 mism.
269 886 488 952 Imperat.
531 885 588 934 T.
613 886 753 947 XIV,
787 905 862 950 19.
894 906 1002 936 cum
1037 904 1150 936 nota
1178 889 1411 947 Morellii)

87 969 495 1017 monumentaque
520 968 705 1013 vetera-,¹
741 955 828 1001 sed
852 954 934 1002 diu
968 969 1077 1003 ante
1101 955 1344 1003 Neronem
1361 956 1414 1004 in

86 1021 305 1071 vniuersa
326 1021 522 1068 Graecia
539 1037 706 1068 omnes
727 1023 824 1068 sere
842 1021 1161 1082 citharoedos,
1199 1022 1283 1086 qui
1304 1023 1414 1087 qui-

90 1088 200 1137 dem
230 1089 515 1137 excellerent
533 1089 581 1134 in
606 1102 703 1134 arte
725 1106 804 1135 sua
829 1103 875 1135 et
890 1087 1101 1136 victoriis
1126 1090 1175 1136 in
1198 1089 1417 1138 certami-

89 1156 231 1204 nibus
260 1153 448 1203 musicis
481 1155 832 1211 inclaruisseut,
866 1154 987 1201 adeo
1012 1173 1117 1203 sese
1152 1157 1417 1204 venditasse

92 1237 140 1270 et
179 1222 400 1269 extulisse
433 1222 641 1281 animos,
678 1234 728 1268 vt
751 1221 844 1285 ipsi
872 1220 990 1280 deo,
1038 1222 1121 1286 qui
1143 1221 1416 1287 praesidere

85 1289 339 1354 putabatur
370 1286 469 1335 istis
505 1286 871 1348 certaminibus,
916 1304 1018 1336 sese
1054 1289 1416 1353 aequipararent

89 1370 138 1405 et
166 1354 216 1403 in
237 1355 581 1415 monumentis,
617 1356 895 1403 memoriam
928 1354 1036 1403 artis
1065 1372 1177 1403 suae
1201 1356 1417 1403 celebra-

90 1422 236 1485 turis,
291 1437 456 1485 parum
488 1421 828 1470 immortalitati
859 1439 971 1470 suae
1005 1422 1280 1470 consultum
1312 1440 1416 1471 esse

90 1501 336 1555 putarent,
371 1485 463 1533 nisi
487 1484 655 1533 habitu
686 1490 913 1550 cultuque
943 1487 1090 1536 deum
1120 1490 1348 1538 referrent
1371 1502 1419 1537 et

95 1554 227 1619 quasi
254 1552 495 1618 personati
520 1552 771 1617 prodirent
794 1552 1063 1617 Apollines.
1131 1555 1258 1604 Nam
1282 1555 1419 1621 quod

90 1621 380 1679 factitarunt,
417 1635 526 1667 cum
559 1619 610 1666 in
634 1619 821 1683 pulpito
844 1620 924 1668 vel
951 1638 1089 1669 scena
1111 1622 1207 1670 illis
1239 1641 1412 1671 canen-

94 1687 209 1736 dum
241 1700 382 1748 esset,
417 1698 467 1735 vt
493 1701 595 1733 sese
618 1685 834 1749 Apollini
857 1703 999 1750 quam
1019 1688 1219 1736 maxime
1241 1689 1417 1744 similes

96 1770 196 1804 esse
226 1751 499 1816 studerent,
534 1750 665 1800 idem
695 1751 842 1800 licere
874 1753 1049 1802 sibi‘in
1080 1755 1342 1804 simulacris
1372 1771 1420 1805 et

90 1819 413 1870 monumentis
434 1819 483 1867 in
502 1819 738 1867 honorem
754 1838 895 1867 suum
914 1820 1106 1885 positis,
1128 1821 1420 1871 induxerunt

90 1889 145 1937 in
178 1887 401 1935 animum.
467 1886 646 1936 Nonne
676 1901 926 1952 putemus,
967 1888 1218 1937 .Arionem
1251 1891 1419 1954 illum,

93 2069 174 2092 mus
187 2083 196 2099 ,
222 2065 454 2091 monumento
473 2068 674 2092 sermonem
695 2068 768 2090 esse
781 2082 791 2098 ,
816 2065 912 2091 caret
931 2057 1053 2093 dubio.
1089 2060 1235 2103 Egregie
1259 2059 1421 2093 hannon·

92 2112 200 2138 natur
229 2106 304 2142 vir,
337 2103 516 2136 doctrinae
539 2112 573 2135 et
595 2105 754 2136 lectionis
779 2105 879 2147 copia
907 2115 1009 2146 saepe
1036 2104 1081 2137 ad
1108 2106 1178 2138 alia
1208 2107 1327 2138 omnia
1352 2104 1420 2137 ah-

92 2156 227 2191 reptus.
275 2147 371 2181 Nam
394 2160 483 2191 quae
509 2147 667 2181 Victoria
689 2157 761 2189 est,
787 2148 953 2182 Cererem
973 2159 1043 2181 esse
1062 2158 1182 2192 putat;
1220 2150 1283 2192 qui
1304 2149 1421 2182 citha-

93 2193 225 2227 roedus
243 2203 314 2224 esse
333 2192 438 2226 debet
449 2217 459 2233 ,
491 2193 633 2226 Musam
650 2193 751 2225 nobis
771 2194 918 2236 effingit.
947 2191 1071 2243 ⁴Atqui
1091 2196 1310 2227 mentionem
1327 2205 1422 2237 quo-

94 2249 164 2281 que
183 2237 287 2270 huius
306 2241 529 2271 mouumenti
548 2249 660 2281 nuper
672 2239 790 2271 iniecit
799 2236 964 2277 Hirtius,
988 2240 1210 2281 antiquarius
1222 2239 1419 2279 Berolinas,

93 2285 130 2317 in
155 2293 260 2324 opere
284 2282 329 2315 ad
355 2284 509 2316 iuuauda
537 2282 622 2315 haec
649 2284 766 2316 studia
790 2283 940 2326 pulchre
961 2285 1174 2326 excogitato,
1211 2291 1293 2325 apte
1317 2293 1419 2315 com-

96 2329 213 2371 posito
236 2326 570 2372 (Mythologisches
581 2325 800 2361 Bilderbuclz
820 2340 855 2371 p.
877 2340 931 2372 92.
945 2325 974 2370 ).
997 2330 1116 2371 Quam
1129 2339 1202 2361 mos
1219 2328 1419 2361 Victoriam

94 2383 168 2403 esse
191 2382 380 2413 censemus,
405 2373 614 2407 libationem
637 2385 655 2406 e
673 2382 772 2416 gutto
796 2374 1048 2416 iuuergentem‚
1071 2373 1194 2407 Heben
1215 2383 1287 2405 esse
1307 2381 1416 2405 autu-

96 2424 186 2448 mat.
234 2415 376 2449 Scilicet
394 2426 426 2450 et
447 2420 482 2452 in
505 2418 571 2450 hac
592 2420 743 2461 imagine
764 2426 798 2451 et
817 2420 854 2451 in
879 2420 977 2458 aliis,
1011 2419 1046 2451 in
1067 2418 1198 2462 quihus
1218 2417 1417 2451 Victorioln

97 2461 313 2495 libationem
332 2462 452 2502 offert,
477 2462 598 2496 Heben
619 2466 769 2497 nectaris
799 2464 1002 2498 ministram
1031 2463 1269 2496 subodoratus
1290 2469 1341 2497 eet
1361 2463 1417 2494 vir

95 2507 351 2548 sagacissimus.
397 2506 592 2540 Enimuero
609 2507 730 2542 Heben
754 2507 897 2541 alatam
918 2519 979 2552 ego
998 2510 1164 2551 nuspiam
1190 2508 1328 2549 reperi,
1351 2517 1418 2539 nee

96 2552 248 2593 reperiri
268 2561 366 2593 posse
386 2559 485 2593 puto·
536 2552 634 2586 Num
654 2555 749 2586 enim
773 2553 879 2594 deae,
911 2561 1103 2597 perpetuae
1120 2553 1273 2595 Olympi
1294 2552 1418 2593 inqui-

95 2597 212 2635 linae,
236 2607 318 2627 cum
338 2594 442 2627 rebus
467 2595 641 2638 humanis,
666 2608 736 2641 quo
757 2596 912 2639 deuolet,
937 2598 1123 2630 intercedit
1138 2593 1420 2628 commercium?

102 2640 292 2673 Caeterum
309 2649 378 2672 tres
393 2642 548 2682 reliquas
560 2643 580 2674 fi
605 2653 686 2675 uras
699 2643 804 2675 huius
814 2644 1036 2675 monumenti
1055 2644 1089 2674 in
1105 2643 1176 2674 alio
1186 2640 1303 2672 libelli
1316 2640 1415 2670 istiu·

98 2685 331 2729 mythologici
353 2686 431 2717 loco
457 2685 508 2728 (p.
531 2698 551 2719 2
576 2709 584 2719 .
620 2687 662 2719 de
684 2688 842 2733 Latona,
867 2688 981 2729 Diana
1006 2695 1041 2720 et
1059 2686 1226 2734 Apolline
1242 2691 1335 2717 recte
1357 2685 1417 2716 in-

96 2737 307 2775 terpretatus
332 2738 385 2763 est
400 2731 460 2765 Vir
482 2741 544 2764 eru
576 2733 755 2768 iussimus.
1012 2751 1017 2756 ·
1086 2732 1090 2735 ’
