1752 3118
330 234 613 280 LONGINI
648 234 884 276 FRAGM.
915 233 1004 275 vn.
1034 233 1144 278 vm.
1314 240 1393 293 193

0 345 5 350 ’
66 355 279 405 visiones
315 368 362 403 et
396 348 776 407 recordationeS,
812 348 1128 412 vel‚impetus
1152 363 1198 397 et
1220 350 1393 408 studia,

66 464 192 511 quae
226 443 397 493 faciant
430 439 493 488 ad
529 457 693 488 rerum
737 438 1134 501 intelligentiam,
1188 455 1392 488 conser-

63 552 178 584 vare
215 526 504 598 posseTAn
540 546 655 578 vero
694 543 742 579 et
777 528 963 576 ceteros
998 527 1142 589 deos,
1179 543 1226 576 et
1261 537 1388 591 eum,

64 624 151 690 qui
193 640 281 686 per
328 620 491 668 omnia
533 618 749 684 permea't
781 617 1388 678 terrestriawtcoelestia,

35 711 127 782 xad
163 710 488 759 exhalationes
523 723 570 757 et
594 710 753 757 fumos
786 705 1101 772 etseiust‘nodi
1131 724 1281 772 nugas
1303 725 1389 777 re-

59 799 308 850 feremus'?
356 819 413 848 ac
459 819 520 849 ne
562 805 729 866 poetas
774 792 1387 865 quideereuerebimur'?

59 891 148 957 qui
179 891 294 939 licet
327 891 451 939 iusta
487 889 694 939 deorum
727 888 901 938 notitia
931 886 1389 949 caruerintrtaan

57 981 234 1046 partim
271 999 296 1029 e
333 980 584 1029 communi
620 980 878 1031 hominum
914 976 1293 1044 sensu'*‚>*par'tim
1312 994 1387 1027 ⁴eit

60 1071 220 1119 afflatu
253 1070 540 1131 Musarum,
575 1088 676 1137 quo
711 1068 774 1118 ad
807 1061 1264 1118 huiusmodieffa'ta
1301 1085 1388 1118 ex-

25 1199 32 1211 ,
62 1161 296 1219 citantur,
338 1159 620 1209 honestiora
658 1172 705 1206 et
739 1157 1058 1222 grauioraxde
1094 1159 1172 1206 his
1198 1159 1395 1211 naturis

57 1248 387 1314 protulerunt,
423 1264 524 1295 non
553 1246 878 1297 exhalationes
914 1252 1042 1310 esse}
1065 1235 1387 1315 aur-rispens&

58 1353 147 1387 aut
180 1337 406 1405 spiritus,
442 1335 754 1386 delirantium
788 1337 987 1386 somnia.
1322 1325 1331 1340 ’

644 1493 792 1546 vm.
846 1466 852 1547 J

60 1580 129 1652 N
131 1622 196 1654 on
241 1604 442 1651 minima
493 1621 604 1667 pars
653 1605 724 1652 est
762 1604 1049 1669 disciplinae
1092 1602 1387 1667 rhetoricae,

60 1713 186 1761 qnae
218 1693 566 1758 complectitur*
583 1693 923 1742 elocutionem.
971 1694 1098 1742 Nam
1122 1711 1390 1758 argumen-

57 1786 264 1835 tationes
290 1797 336 1831 et
365 1801 534 1833 omnes
565 1798 723 1849 partes
756 1784 985 1833 orationis
1016 1785 1135 1833 tales
1163 1785 1390 1834 videntur

60 1874 394 1935 audientibus,
429 1873 589 1940 qualia
624 1889 750 1938 sunt,
786 1893 911 1941 quae
945 1873 1008 1922 ad
1043 1893 1239 1932 omnem
1273 1881 1391 1923 ver-

61 1964 243 2012 borum
281 1963 515 2012 rationem
552 1969 781 2029 spectant.
840 1965 1030 2013 Etenim
1065 1966 1200 2014 velut
1222 1966 1391 2014 lumen

58 2052 409 2102 sententiarum
449 2069 495 2103 et
528 2054 998 2119 argumentationum
1032 2056 1139 2102 talis
1177 2050 1247 2104 est
1275 2059 1393 2103 ora-

61 2144 159 2204 tio,
207 2157 258 2191 vt
300 2161 424 2209 quae
466 2144 708 2193 iudicibus
751 2163 951 2211 prorsus
1004 2144 1392 2194 claram'reddat

62 2234 167 2282 vim
203 2233 596 2282 confirmationis.
646 2235 762 2309 Non
793 2236 940 2300 igitur
965 2234 1253 2299 negligenda
1279 2250 1393 2285 sunt

62 2324 163 2384 illa,
199 2322 285 2371 sed
320 2341 510 2373 summo
545 2324 708 2374 studio
742 2325 1006 2389 tractanda,
1040 2325 1104 2373 ita
1141 2340 1191 2374 vt
1222 2343 1395 2375 exem—

63 2414 161 2479 plis
196 2428 386 2461 vtamur
419 2414 516 2462 illis
563 2418 862 2477 oratoribus,
912 2418 999 2483 qui
1046 2417 1232 2482 optime
1265 2417 1392 2464 hanc

67 2503 374 2569 eloquentiae
408 2519 592 2569 partem
628 2507 912 2569 coluerunt,
947 2506 1311 2574 commodeque
1348 2522 1395 2556 et

68 2593 288 2642 sollerter
340 2609 516 2643 cuncta
566 2597 735 2662 eloqui
798 2612 1174 2659 consueuerant.
1251 2595 1393 2657 Nihil

908 2686 958 2736 N
