1718 3122
483 273 785 316 SECTION.
815 274 957 316 XLIV.
995 275 1035 330 §.
1063 289 1100 328 7.
1346 279 1427 332 491

114 396 156 426 et
177 388 325 427 Portus
351 388 557 427 breuiter.
585 387 834 436 „Platonem
853 387 1014 436 innuit,
1043 387 1088 426 ni
1107 388 1434 439 sall01‚o·vven-

112 444 334 496 δοχικῶςβ
362 444 503 482 Morus
521 449 661 481 tamen
680 443 725 481 in
746 443 1296 494 Animaduerss.1etractat,
1323 446 1434 498 quod

111 500 158 538 in
181 501 372 538 versione
389 502 595 550 posuerat,
606 504 648 536 et
659 495 821 550 σοφούς
837 498 976 550 potius
995 510 1080 536 esse
1093 497 1195 536 dicit
1206 501 1433 551 prudentes,

110 556 290 594 homines
310 555 425 593 multi
440 568 532 592 νειιε
550 561 589 592 et
608 554 824 593 diuturnae
844 556 1120 607 experientiae.
1178 554 1260 594 Vix
1281 555 1432 595 huius·-

111 611 227 649 modi
250 609 438 648 homines
455 613 500 648 οἱ
521 613 653 659 σοφοὶ
677 609 763 647 dici
777 616 962 660 possunt.

199 664 398 712 αναλεξον
415 659 459 705 ’ἑν
478 680 518 705 τι
536 664 726 717 γεννῶσι]
763 665 923 703 isaacus
942 665 1145 707 Vossius
1132 678 1176 703 m
1195 664 1296 704 libri
1317 678 1433 704 mar—

107 721 202 772 gine
232 719 444 758 emendat:
492 719 787 775 ἀλαζονείαν
775 719 974 762 α’ἐνιῶσιε
1014 724 1127 777 quod
1154 720 1320 760 Tollius
1353 734 1433 783 Ριο

110 775 272 814 Codicis
301 772 478 813 parisini
505 776 687 814 lectione
711 782 871 815 temere
903 778 1098 831 arripuit.
1151 774 1286 815 Possis
1308 776 1435 815 etiam

109 831 317 869 scribere:
349 831 588 879 πλεονεξίαν
609 829 794 885 γεννῶσι.
823 832 1071 873 Simillimus
1087 835 1206 872 locus
1220 831 1435 870 Plutarchi

108 886 153 923 in
182 887 238 938 Ag
244 886 309 924 ide
339 898 379 937 p.
406 885 497 938 796.
519 887 563 926 C.
581 890 669 927 ἐπεὶ
698 888 925 940 παρεισέδυ
948 890 1115 943 πρῶτον
1134 895 1194 932 εἰς
1213 903 1288 937 την
1308 886 1435 928 πόλιν

108 940 296 993 ἀργύρου
316 945 391 981 καὶ
403 942 571 1005 χρυσοῦ
583 942 726 991 ζῆλος,
748 948 823 984 καὶ
847 945 1190 995 συνηκολούθησε
1209 942 1285 984 τοῦ
1302 941 1434 983 πλού-

107 1012 183 1038 του
204 997 253 1054 τῇ
274 999 353 1051 μὲν
377 1012 518 1047 κτησει
540 999 755 1047 πλεονεξία
775 1003 852 1039 καὶ
869 1003 1150 1057 μικρολογία,
1184 1014 1234 1056 τη
1259 998 1301 1039 δὲ
1319 997 1434 1051 χρή*-

107 1067 171 1093 σει
204 1058 281 1092 καὶ
307 1052 543 1094 ἀπολαύσει
574 1067 714 1107 τρυφη
749 1059 828 1095 καὶ
855 1059 1057 1110 μαλακία
1078 1059 1155 1098 καὶ
1175 1057 1435 1096 πολυτέλεια.

106 1107 188 1146 Sed
210 1108 404 1147 Vossiana
422 1110 663 1148 coniectura
681 1110 972 1161 praeferenda.
1010 1112 1119 1152 Nam
1141 1111 1358 1159 πλεονεξία
1373 1109 1435 1148 si-

107 1164 197 1202 mul
218 1177 312 1201 cum
334 1167 576 1213 πολυτελείᾳ
594 1165 758 1216 ingledi
776 1165 911 1216 debet,
940 1168 1056 1219 sequi
1078 1167 1336 1216 ἀλαζονεία,
1365 1163 1436 1206 τύ·

107 1233 191 1269 φος
209 1226 250 1256 et
271 1231 423 1270 τρυφη.
461 1219 753 1259 Rvnxxnmvs.
809 1219 969 1260 Isaaous
988 1223 1155 1262 Vossius
1175 1220 1437 1267 emendabat,

107 1273 361 1336 ἀλαζονείαν
381 1288 422 1314 τε
440 1274 613 1328 γεννῶσι
633 1278 708 1314 καὶ
727 1274 874 1327 τὺφον.
933 1278 1058 1326 Quod
1075 1276 1436 1317 ve1um.Euna-

105 1330 197 1382 pius
220 1329 263 1367 in
284 1328 534 1396 Chrysanth.
554 1329 675 1382 Πρός
695 1330 746 1379 δή
766 1346 845 1375 τας
864 1331 945 1373 τῶν
966 1332 1184 1385 ἀρχόντων
1207 1334 1435 1399 συντυχίας

106 1383 155 1425 τό
175 1384 386 1436 ὑπερφυὲς
407 1383 483 1425 οὐκ
504 1401 557 1434 ην
578 1384 629 1425 δι’
650 1388 1064 1429 ΑΛΑΖΟΝΕῙΑΣ
1083 1387 1301 1430 σύνιδεῖν“
1282 1403 1311 1437 η
1338 1388 1436 1427 ΤΤ-

105 1441 231 1480 ΦΟΥ
247 1439 482 1494 γινόαενοι.
539 1441 752 1481 Plutarch.
774 1444 941 1491 Quaest.
962 1444 1124 1488 Platon.
1146 1459 1186 1496 p.
1208 1457 1301 1496 999
1326 1440 1438 1486 Τους

106 1495 256 1539 ἄλλους
285 1495 480 1544 ἐξετάζων
510 1494 597 1545 «iel,
638 1499 837 1538 TmoY
857 1501 980 1539 KAI
1002 1499 1436 1547 ΛΛΛΖΟΝΕῙΛΣ,

107 1556 184 1591 καὶ
213 1550 289 1591 τοῦ
320 1554 464 1605 βαρεῖς
493 1552 627 1601 εἶναι,
657 1554 825 1607 πρῶτον
842 1556 922 1608 μὲν
941 1553 1106 1605 αὐτοῖς,
1136 1555 1228 1596 εἶτα
1248 1555 1437 1598 καὶτοῖς

106 1606 326 1655 συνοῦσιν,
356 1605 603 1656 άπηλλαττε.
641 1608 834 1660 Apollon.
853 1609 985 1661 Tyan.
1009 1610 1139 1664 Epist.
1159 1610 1199 1649 3.
1216 1611 1330 1651 Εἶτα
1347 1609 1439 1655 πῶς

106 1662 181 1702 δια
209 1661 433 1711 θαλάσσης
457 1662 531 1703 νῦν
560 1664 875 1716 ὑτοστρέφεις,
915 1665 1030 1719 ἄγων
1058 1665 1248 1720 φορτίδα
1279 1663 1437 1721 μεστην

104 1718 335 1772 ἀργυρίου,
378 1721 585 1771 χρυσίου,
629 1721 708 1759 ΤΥ
705 1721 829 1760 ΦΟΤ
859 1722 980 1762 ΚΑΙ
1016 1721 1438 1763 ΛΛΑΖΟΝΕῙΛΣ.

105 1774 294 1812 Clemens
313 1773 481 1812 Roman.
500 1773 627 1826 Epist.
643 1775 695 1812 ad
714 1774 902 1815 Corinth.
925 1790 1016 1830 cap.
1038 1778 1102 1817 13.
1125 1779 1442 1830 Tanauom9o-

104 1829 294 1884 νήσωμεν
305 1824 379 1870 οὗν
391 1828 579 1881 άδελφοι,
589 1829 858 1885 ἀποθέμενοι
869 1832 1019 1874 πᾶσαν
1010 1833 1321 1873 ΛΛΑΖΟΝΕ
1320 1835 1442 1875 IAN

104 1888 164 1926 K
166 1887 226 1924 41
253 1886 465 1925 T‘IYDON.
522 1884 612 1923 Huc
642 1887 802 1938 egregie
834 1887 938 1926 facit
961 1888 1253 1928 Callicratides
1274 1887 1438 1940 Pytha-

102 1954 249 1992 gorens
282 1941 390 1991 apud
421 1941 644 1980 stobaeum
674 1955 714 1992 p.
746 1943 839 1994 591
872 1941 1052 1996 Ἀνάγκη
1073 1958 1157 1999 γαρ
1178 1959 1275 1987 τους
1296 1942 1436 1985 πολλα

101 1997 282 2047 ἔχοντας
293 1997 372 2035 ΤΕ
378 1996 722 2036 ΤΥΦΩΣΘΑΙ,
710 1998 890 2050 πρᾶτον,
911 2003 1207 2066 τετυφωμένως
1226 1999 1438 2043 δὲΑΛΑ-

106 2052 313 2092 ΖΟΝΑΣ
335 2053 547 2102 γίνεσθαι·
578 2050 794 2101 άλαζόνας
812 2053 854 2093 δὲ
873 2059 1124 2110 γενομένως,
1151 2054 1438 2122 ὑπερηφάνως

101 2121 230 2161 ηιιεν·
266 2105 547 2159 ὑπερηφάνως
589 2107 632 2147 δὲ
663 2112 916 2163 γενομένως,
959 2111 1275 2152 ΥΒΡῙΣΤΑΣ
1308 2124 1435 2167 ημεν·

102 2162 250 2217 ὕβριος
267 2162 309 2201 δὲ
331 2161 477 2206 πάσας
495 2162 676 2215 ἔσχατον
693 2167 770 2205 καὶ
800 2168 936 2219 πέρας
959 2167 1253 2208 ΟΛΕΘΡΟΣ.
1310 2166 1436 2212 Pote-

102 2220 161 2258 lis
182 2218 307 2256 etiam
322 2218 481 2270 legere,
498 2221 748 2262 ANOIAN
768 2223 848 2261 ΤΕ
863 2220 1037 2276 γεννῶσι
1056 2226 1133 2263 καὶ.
1153 2221 1301 2274 τύφον.
1341 2222 1435 2262 Iso-

105 2281 239 2312 crates
263 2273 307 2311 in
332 2274 568 2325 Areopagit.
599 2277 889 2318 Συντέτακται
915 2282 992 2318 καὶ
1009 2280 1325 2325 συνακολουθεῖ
1344 2281 1436 2323 τοῖς

103 2331 181 2397 μὲν
204 2330 525 2369 ΠΛΟΥΊὈΙΣ
539 2334 615 2370 καὶ.
636 2336 732 2377 ταῖς
753 2332 1019 2378 δυναστείαις
1041 2335 1086 2374 1
1091 2337 1136 2374 N
1137 2335 1245 2375 OIA
1263 2338 1340 2375 καὶ
1357 2349 1436 2390 με·-

102 2401 157 2426 τα
183 2401 338 2434 ταυτης
357 2383 461 2424 ακολ
465 2387 584 2426 ασία.
635 2387 800 2428 Lucian.
822 2389 867 2427 in
889 2389 1053 2428 Timon.
1075 2390 1198 2428 modo
1219 2390 1434 2430 laudatus:

106 2442 528 2494 Συμπαρεισέρχεται
549 2441 633 2497 μετ”
646 2448 663 2483 ε’
664 2443 1104 2498 μοῦ(ΠΛΟΤΤΟΊ’)
1123 2445 1270 2488 λαθών
1287 2446 1313 2487 o‘
1335 2447 1414 2487 ΤΥ
1409 2467 1434 2476 -

103 2497 230 2537 ΦΟΣ
246 2501 320 2536 και
343 2496 369 2545 ἡ
387 2498 600 2538 ΛΝΟΙΑ.
630 2460 711 2537 Sed
733 2500 845 2538 illud
869 2500 1020 2539 verius.
1045 2499 1208 2540 Deinde
1220 2514 1308 2540 non
1326 2501 1435 2540 male

103 2551 332 2601 Manutius,
362 2557 420 2596 εἰς
446 2552 619 2601 ἡλικίας
652 2557 799 2596 ἐλθεῖν.
827 2569 933 2607 quae
963 2556 1120 2596 locutio
1160 2557 1347 2608 elliptica
1377 2556 1434 2595 li·

104 2608 256 2646 brariis
277 2608 415 2646 fraudi
435 2609 648 2649 suit‚1ta
671 2611 837 2649 locutus
855 2619 916 2650 est
933 2613 1073 2651 nescio
1097 2613 1187 2664 quis
1207 2612 1318 2677 ειΡιιᾶ
1336 2611 1436 2651 Sto-

105 2663 252 2702 haeum
283 2677 321 2716 Ρ.
346 2665 370 2702 l}
382 2667 441 2705 18
466 2665 735 2720 Πυθαγόρας
754 2666 926 2712 τούτους
951 2668 1033 2720 ’ἐφη
1057 2666 1326 2710 καθιστάναι
1351 2666 1434 2723 ἄρ·-
