1752 3118
91 276 379 316 LONGINI
408 274 494 317 DE
523 272 705 314 svnt..
728 272 906 314 sEcT.
935 274 1103 316 XXVII.
1121 277 1384 334 xxvl11.-99

48 390 188 438 aliter
261 388 530 450 Penelope:
629 386 765 444 Quid
848 396 930 447 te,
982 403 1198 449 praeco,
1289 396 1381 440 ‘mi-

48 486 219 525 serunt
290 476 473 523 nobiles
529 472 713 537 proci?
816 477 876 524 V
869 484 890 522 t
941 477 1101 523 diuini
1182 480 1381 537 VZyssis

47 583 221 614 seruas·
274 566 506 611 desistere
561 564 624 610 ab
677 581 853 626 opere,
918 568 1135 629 ipsi-sque
1178 585 1380 618 coenam

40 671 239 716 parare
269 652 497 700 iuberes?
568 655 777 702 Vtinam
818 671 880 701 ne
923 653 1196 719 (amplius)
1242 659 1378 706 amb-

54 745 207 789 ientes
263 744 501 804 nuptias,
564 745 728 790 alioue
786 747 985 791 consilio
1039 745 1119 793 hic
1174 762 1380 796 commo-

43 840 237 888 rantes,
297 832 464 877 vltimo
516 832 618 877 iam
667 833 813 892 epulo
862 830 958 878 hac
1012 836 1065 880 in
1107 836 1250 883 domo
1301 840 1378 885 in-

43 920 309 967 teressent!
415 921 512 978 Qui
575 919 742 967 crebro
796 923 1134 968 conuenientes
1187 925 1405 972 lautam-

42 1026 147 1056 rem
208 1009 461 1056 absumitie
470 1044 487 1067 ‚
570 1010 845 1057 Telemachi
911 1012 1176 1071 prudentis
1237 1031 1368 1076 opes,

41 1114 131 1143 nec
162 1115 197 1144 a
244 1097 510 1144 maioribus
551 1100 727 1145 vestris
760 1101 914 1161 pueri
955 1101 1190 1164 audistis,
1236 1118 1368 1166 qua-

41 1187 102 1232 lis
133 1187 301 1248 suerit
350 1187 410 1233 V
400 1188 558 1247 {ys-ses·
586 1212 653 1221 —

441 1404 663 1473 ‚secr
726 1405 967 1456 xxvm.

36 1521 234 1609 Neque
279 1559 397 1592 vero
442 1560 740 1607 quemquam
787 1541 1124 1591 dubitaturum
1171 1545 1362 1612 opinor,

35 1632 343 1700 periphrasin
431 1631 592 1679 valere
656 1630 720 1680 ad
803 1632 1159 1682 sublimitatem.
1292 1635 1364 1685 Vt

38 1723 168 1772 enim
216 1721 267 1768 in
317 1720 514 1769 musicis
561 1722 669 1770 soni
716 1721 934 1795 primarii
982 1721 1085 1768 aliis
1130 1722 1363 1773 adsumtis

36 1813 283 1861 suauiores
340 1812 495 1871 fiunt,
551 1811 622 1859 sic
677 1811 975 1876 periphrasis
1033 1829 1174 1877 saepe
1246 1829 1364 1863 tam-

37 1921 182 1969 quam
237 1918 358 1949 souo
419 1900 619 1948 adiuuat
682 1901 1029 1965 proprietatem
1085 1903 1365 1966 verborum,

37 2005 85 2039 et
131 1991 423 2056 plerumque
479 1989 869 2055 pulcritudinem
924 1991 1150 2039 sonando
1208 2008 1367 2058 auget,

40 2080 94 2126 in
145 2080 311 2145 primis
355 2080 399 2128 si
448 2078 695 2127 moderate
740 2080 874 2127 flanti
925 2080 1096 2128 sssmilis
1144 2082 1227 2143 sit,
1272 2101 1364 2131 nec

34 2171 231 2233 inscita,
287 2169 373 2218 sed
423 2182 685 2235 temperata
737 2171 978 2219 maniter.-
1075 2169 1200 2218 Satis
1263 2171 1364 2218 hoe

36 2258 252 2307 declarat
285 2259 426 2308 Plato
462 2261 513 2306 in
550 2259 690 2306 inlt20
729 2258 986 2324 epitaphii:
1036 2262 1116 2307 Re
1148 2269 1197 2308 et
1214 2262 1364 2323 sacto

33 2350 217 2397 habent
273 2352 376 2410 illi,
432 2352 565 2413 quod
622 2352 683 2396 iis
741 2350 1030 2407 debebatur,
1083 2367 1179 2412 qao
1221 2352 1369 2413 potiti

35 2440 136 2485 iter
173 2442 296 2501 ipsis
340 2442 631 2488 destinatum
659 2441 892 2501 faciunt,
928 2440 1128 2502 publice
1173 2457 1207 2486 a
1246 2442 1366 2487 ciui-

32 2536 161 2585 tate,
209 2531 449 2592 priuatim
513 2546 547 2575 a
592 2530 693 2574 suis
745 2531 950 2592 quisque
1003 2531 1227 2590 cognatis
1276 2532 1363 2576 de-

35 2619 180 2664 ducti.
248 2618 461 2668 Mortem
509 2615 656 2683 igitur
688 2619 783 2667 iter
810 2621 1108 2679 destinatum
1137 2616 1363 2682 adpellat‚

1043 2706 1090 2752 G
1126 2720 1154 2752 2
