1752 3118
287 284 368 335 372
589 277 814 321 NOTAE
837 277 919 318 AD
948 275 1030 320 DE
1057 275 1308 325 svsmm.

290 393 379 450 βων
402 393 503 435 ΤΗι
523 392 713 442 ΛΕΞΕῙ
723 394 1019 459 ἐμελοποίησε,
1048 409 1134 434 καυ
1109 391 1252 445 θάπερ
1268 390 1497 457 οἷρμονίαν
1515 408 1611 434 τινα

296 451 431 491 ΤΗΝ
452 454 497 489 ἐκ
512 448 586 497 τῆς
594 449 924 502 περιφράσεως
912 449 1213 504 περιχεάμενος
1235 447 1474 503 εὑμέλειαν;
1501 452 1613 489 Num

295 506 546 546 mediocriter
559 506 627 544 his
644 507 788 545 extulit
815 509 1057 545 sententiam
1069 536 1083 554 ,
1113 514 1235 559 ᾳιιᾳιὴ
1269 506 1419 552 nudam
1450 513 1612 552 nactus,

298 564 480 601 oratione
496 565 724 600 suauiorem
748 563 866 614 longe
885 569 923 600 et
943 564 1213 610 sonantiorem
1242 561 1398 614 ffaeit’
1428 562 1614 599 modula-

294 621 404 660 tione
423 632 472 655 ex
483 617 713 670 periphrasi
725 617 866 666 ducta,
892 625 1090 671 tanquam
1103 618 1318 657 harmonia
1335 616 1512 669 quadam
1529 619 1614 655 cir-

294 673 515 726 cumsusa?
558 672 620 711 lta
658 672 899 711 scribendus
937 680 979 711 et
1011 672 1348 725 interpretandus
1378 672 1453 708 iste
1482 672 1614 709 locus.

296 728 420 775 Quod
437 734 479 766 et
504 734 620 766 recte
651 728 818 767 monuit
838 725 1122 767 Ru'hnkenius.
1180 726 1372 765 Ceterum
1406 727 1516 777 quod
1546 727 1618 764 hic

282 781 430 850 ψιλην
448 781 634 846 νόησινζ
643 796 768 833 supra
793 783 961 835 ψιλην”
942 798 1111 825 εννοιαν
1134 789 1256 820 vocat
1277 782 1432 820 Noster
1452 788 1551 820 sect,
1577 795 1616 833 9.

282 835 405 880 Ὅθεν
424 842 500 878 καὶ
515 836 658 888 φωνῆς
675 836 777 887 δίχα
794 839 885 877 &av
885 837 1072 904 μάζεταί
1089 852 1191 877 ποτε
1215 839 1385 876 ΨῙΛΗ
1398 835 1499 877 καθ’
1514 839 1616 877 ἑαυ-

294 909 371 943 την
409 896 459 933 Η
490 893 732 935 ΕΝΝΟῙΛ
762 890 821 935 δι’,
852 888 956 932 αὐτο
986 892 1033 933 vo*
1067 887 1352 955 μεγαλόφρον.
1403 892 1617 931 Tovrlvs.

293 949 417 996 Quod
439 948 484 986 in
501 946 741 994 Ruhnkenii
755 939 913 985 scholio
930 949 1116 999 primum
1141 954 1202 985 est
1233 961 1299 985 501
1295 948 1433 998 iptum
1454 942 1528 997 ⁷H,
1547 948 1616 986 vi-

290 1006 398 1044 tium
428 1002 675 1068 typothetae
707 1001 886 1048 videtur.
963 1002 1119 1051 Omnes
1151 1002 1244 1041 edd.
1275 1008 1369 1040 ante
1401 977 1618 1042 Peartiium

292 1060 450 1099 habent
466 1057 519 1108 ἢ,
549 1070 628 1108 pro
652 1070 732 1108 quo
753 1057 944 1096 Pearcius
971 1059 1110 1110 posuit
1134 1051 1174 1115 ᾗ.
1234 1057 1315 1109 Sed
1342 1049 1421 1096 hac
1452 1072 1524 1096 sua
1550 1058 1619 1096 10-

293 1115 431 1152 ctione
452 1114 562 1152 male
581 1114 731 1151 abusus
754 1120 826 1152 est.
883 1114 997 1165 Piget
1015 1115 1235 1152 ridiculam
1272 1113 1359 1152 eius
1381 1114 1620 1152 versionem

290 1169 541 1209 adscribere.
602 1168 797 1219 Ceterum
819 1144 954 1206 ferrio
945 1176 1084 1221 posset
1104 1168 1152 1209 τό
1171 1163 1220 1227 ᾗ,
1251 1169 1286 1207 51
1305 1175 1491 1207 verteres
1514 1185 1620 1223 qua-

294 1234 422 1264 tenus.
480 1224 564 1263 Sed
595 1212 821 1263 lectionem
846 1225 1206 1263 verosimillimam
1240 1239 1263 1263 a
1289 1224 1406 1262 Moro
1433 1225 1619 1276 primum

291 1280 550 1333 propositam
586 1286 628 1318 et
660 1293 684 1317 a
713 1278 876 1318 Ruhnk.
908 1281 1148 1332 Toupioque
1182 1281 1397 1345 probatam
1436 1280 1620 1332 exprimi

292 1336 459 1384 caiani,
487 1335 601 1387 quod
622 1341 665 1373 et
684 1334 732 1373 Τ
754 1336 934 1374 lecerat:
961 1349 1058 1373 nam
1073 1337 1287 1387 vulgatum
1312 1332 1386 1383 τήν
1415 1336 1523 1382 ὶέξιν
1549 1336 1620 1373 in-

294 1391 561 1429 commodum
588 1396 667 1438 est,
697 1404 941 1442 quocunque
972 1391 1098 1429 modo
1131 1397 1359 1429 construas.
1414 1389 1620 1428 Notabilis

291 1460 390 1484 vsus
411 1453 473 1484 est
492 1446 613 1485 verbi
640 1444 809 1499 aassaiv:
848 1459 931 1509 pro
958 1460 1038 1498 quo
1066 1447 1101 1484 si
1130 1446 1318 1498 posueris
1348 1440 1482 1495 οὖσαν
1515 1443 1622 1485 καθῖ

291 1499 445 1550 ἑαυτήν
458 1530 471 1550 ,
493 1514 657 1540 sensum
681 1500 851 1540 habebis
869 1502 934 1540 rei
953 1502 1284 1540 conuenientem.
1339 1504 1546 1541 Sum-serat
1558 1501 1618 1538 11-

289 1558 334 1595 10
354 1556 604 1595 sententiam
615 1586 626 1605 ,
654 1558 819 1609 qualem
840 1557 1077 1621 suppeditat
1096 1556 1397 1609 simplicissima
1416 1544 1618 1608 loquendi

290 1613 416 1652 ratio.
470 1612 716 1651 Postrema
704 1626 748 1650 111
766 1611 886 1650 codd.
905 1614 963 1651 sic
991 1614 1172 1667 scripta;
1201 1612 1303 1666 οἷρμ.
1334 1628 1432 1653 τινα
1460 1611 1509 1669 τῇ
1542 1627 1618 1660 την

294 1674 374 1707 etc.
392 1667 438 1706 in
457 1668 603 1718 quibus
623 1666 680 1731 τῇ
708 1657 818 1705 Mori
839 1681 962 1706 suasu
980 1676 1022 1707 et
1039 1669 1191 1720 Το11Ρ11
1222 1668 1413 1719 exemplo
1443 1667 1619 1708 exclusi.

377 1722 418 1776 ς.
439 1722 477 1760 3.
505 1722 738 1775 Ξενοφῶν]
751 1723 797 1760 111
822 1722 924 1774 Cy1i
954 1724 1281 1775 disciplina1‚5,
1308 1735 1366 1761 12.

378 1777 418 1831 §.
445 1778 484 1816 4.
505 1750 697 1827 τθήλειαν
713 1776 883 1831 νοῦσον]
910 1778 1040 1818 Η111115
1056 1779 1193 1818 morbi
1216 1779 1496 1817 meminerunt
1515 1777 1616 1817 Phi-

289 1835 335 1873 lo
353 1832 539 1883 Iudaeus,
569 1833 759 1873 Clemens
780 1834 1106 1883 Alexandrinus,
1136 1834 1304 1885 Origen.
1325 1846 1414 1872 con.
1436 1833 1616 1883 Celsum,

291 1889 375 1941 Dio
397 1888 678 1940 Chrysostom.
698 1888 836 1927 Schol.
855 1889 906 1926 ad
925 1889 1144 1942 Hephaest.
1163 1903 1204 1941 p.
1227 1890 1292 1926 41.
1317 1889 1390 1926 alii
1419 1889 1613 1940 permul-

259 1965 265 1969 -
294 1945 341 1983 11.
397 1943 557 1983 Verum
573 1957 650 1996 per
670 1943 848 1992 θήλειαν
867 1944 993 1987 νόσον
1022 1945 1155 1993 aliud,
1183 1950 1230 1982 vt
1255 1945 1447 1993 videtur,
1476 1943 1614 1982 Hero-

293 2001 443 2047 dotus,
471 1999 587 2037 aliud
617 2000 871 2037 recentiores
903 2001 1218 2040 intellexerunt.
1276 1999 1431 2037 Confer
1459 1999 1617 2037 Hiero-s

289 2069 407 2107 nym.
429 2054 611 2105 Mercur.
630 2055 734 2094 Var.'
749 2054 861 2094 Lect.
882 2055 948 2105 III,
971 2069 1007 2107 7.
1035 2056 1224 2103 Quocum
1243 2054 1346 2093 facit
1372 2055 1424 2092 cl.
1445 2055 1626 2092 Wesse-,v

290 2111 393 2162 ling.
412 2109 464 2149 ad
483 2109 684 2154 Herodot.‘
705 2110 738 2157 1,
765 2112 854 2151 105.
884 2111 1001 2150 Adde
1024 2110 1225 2163 Leopard.
1250 2109 1421 2151 Emend.
1438 2109 1524 2158 Vll,
1550 2122 1614 2150 10.

293 2173 335 2204 et
355 2167 409 2207 ch
430 2165 466 2203 T
467 2165 615 2208 ollium
635 2165 688 2204 ad
710 2166 873 2215 locum,
902 2168 973 2219 qui
994 2174 1134 2206 tamen
1162 2165 1423 2203 Mercurialis
1456 2165 1614 2209 scrinia

293 2221 539 2273 compilasse
562 2221 741 2259 videtur.
801 2222 993 2261 Ceterum
1010 2222 1093 2261 huc
1111 2221 1213 2259 facit
1232 2220 1426 2273 Synesius
1448 2220 1501 2258 de
1520 2219 1606 2269 Re-

290 2290 371 2329 gno
391 2284 431 2328 Ρ.
449 2277 525 2314 25.
554 2275 730 2319 Σκύθας
761 2276 805 2317 δὲ
826 2277 998 2322 τούτους
1012 2275 1231 2330 Ἡρόδοτός
1252 2291 1293 2316 τε
1313 2279 1433 2326 φησὶ,
1463 2279 1539 2315 καὶ,
1555 2275 1608 2325 ἦ-

289 2329 592 2386 μεῖς’όρῶμεν,
632 2329 940 2387 κατεχομένους
963 2332 1049 2374 ὑπό
1082 2331 1210 2374 νόσου
1243 2330 1410 2375 πάντας
1442 2331 1611 2375 δειλίας.

288 2385 565 2425 scribendum
596 2388 899 2438 proculdubio:
932 2389 1019 2430 ὑπο
1054 2389 1255 2429 ΝΟΣΟΥ
1291 2386 1458 2431 πάντας
1502 2388 1609 2427 ΘΗ-

288 2441 497 2482 ΛΕῙΑΣ.
553 2441 621 2479 Ad
634 2441 779 2480 hunc
766 2456 902 2494 ipsum
920 2444 1122 2484 Herodoti
1136 2444 1275 2482 locum
1294 2443 1511 2482 manifesto
1533 2456 1604 2480 re-

287 2498 428 2548 spexit
444 2496 652 2548 Synesius.
710 2498 863 2537 Confer
892 2500 1013 2540 Petit.
1042 2501 1095 2539 de
1122 2499 1313 2538 Amazon.
1336 2512 1422 2550 cap.
1450 2500 1512 2538 18.
1543 2497 1604 2536 Cl.

285 2552 468 2598 Reimar.
481 2551 539 2590 de
555 2553 643 2591 vita
661 2559 704 2591 et
725 2553 891 2606 scriptis
910 2554 1089 2595 Fabricii
1108 2569 1148 2606 Ρ.
1175 2567 1272 2607 299.
1291 2554 1344 2592 (10
1363 2553 1509 2595 lortini
1523 2565 1603 2590 no-

285 2607 365 2646 stri
380 2606 653 2651 animaduers.
671 2604 892 2650 inEccles.
921 2611 1026 2650 Hist.
1040 2611 1113 2650 lib.
1133 2610 1170 2648 3.
1201 2624 1242 2662 p.
1269 2611 1365 2650 235.
1393 2609 1603 2647 Tovmvs.

285 2661 357 2709 ffis
377 2668 440 2703 tot
456 2656 644 2715 fontibus
670 2678 695 2705 a
715 2663 875 2718 TOupio
904 2666 1192 2710 demonstratis
1220 2677 1358 2707 nonne
1386 2664 1502 2706 sitire
1529 2677 1601 2703 co-
