1752 3118
219 312 315 362 ET
348 305 704 360 SCRIPTIS
751 302 1406 358 LONGINI.1.xxxx111

88 440 148 485 τὸ
170 430 388 497 ακριβές
410 449 464 479 τε
484 433 582 478 καὶ
604 430 846 491 ἄμωμον,
881 427 947 486 ὥς
964 444 1093 494 φησι
1111 434 1205 477 καὶ
1222 433 1407 491 Λογγῖᾱ

88 523 105 551 2
109 522 174 559 'go
176 502 300 550 ,Vix
325 498 491 546 nobis
479 516 530 544 m
549 512 677 545 tanta
700 498 1054 560 opportunitate
1073 511 1256 562 tempei
1258 514 1406 558 amus,

87 571 202 633 quin
224 567 366 614 huius
391 565 628 623 Menelai,
666 566 935 630 praesertim
961 578 1208 641 tantopere
1231 582 1256 612 a
1277 564 1408 611 Lon-

88 639 199 699 gino
218 632 425 692 laudati,
462 631 755 679 obliteratam
780 631 876 678 fene
896 630 1174 679 memoriam
1194 631 1243 677 in
1262 643 1409 679 trans-

85 719 229 750 cursu
249 701 573 747 instauremus.
607 697 682 745 De
709 699 790 745 illo
814 696 1016 745 Suidas
1005 711 1094 744 lta.
1129 695 1410 757 Μενέλαος,

84 770 320 828 Αἰγαῖος,
340 764 596 821 ἐποποιός.
619 766 815 829 ἔγραψε
834 763 1122 829 Θηβαϊδα’
1096 783 1154 812 εν
1169 766 1409 823 βιβλίοις

83 834 174 894 ιβ’.
209 837 304 881 καὶ
338 834 490 880 ἄλλα.
528 835 822 880 Thebaidem
852 833 952 879 eius
983 830 1170 891 laudat,
1206 846 1253 880 et
1286 849 1408 879 vnus

85 900 278 966 quidem
305 899 757 959 Grammaticorum,
782 898 916 964 quod
937 900 1082 946 sciam
1099 869 1409 963 ,Stephanus

82 969 277 1032 Byzant.
311 985 354 1015 v.
391 964 606 1030 Τὲμμιξ.
654 970 798 1027 Τεμιι
803 966 917 1022 ικιᾝς
950 970 1044 1013 καὶ
1078 971 1142 1014 Te
1118 965 1302 1028 εμμίκ
1282 985 1386 1022 egeo

84 1039 143 1084 τό
164 1031 425 1101 κτητικόν.
459 1031 724 1090 ΙὙΙενέλαος
746 1034 802 1081 δὲ
821 1032 911 1080 δια
931 1033 1026 1081 τοῦ
1050 1032 1082 1081 ι’.
1121 1033 1410 1096 Τεμμίκιον

83 1103 241 1161 ἄστυ,
287 1103 374 1149 ἐν·
387 1099 592 1166 πρωτῳ
613 1099 890 1165 Θηβαίδος.
935 1102 1051 1148 item
1081 1117 1128 1149 v.
1165 1099 1407 1167 Ὑρμήνη.

82 1166 347 1225 Illam-‘staec
392 1167 449 1215 δὲ
497 1166 724 1231 τετάρτῳ
771 1168 1078 1233 Θηβαιόεῶν,
1125 1164 1412 1231 “Υρμιναν,

82 1235 171 1284 δα)
204 1236 300 1284 τοῦ
327 1254 364 1281 α
395 1234 535 1298 φησί.
604 1236 720 1297 Τήν
746 1230 799 1281 δ’
829 1234 1076 1298 εΥρμίνην
1108 1233 1409 1298 Ἐχεφυλίδα

81 1306 209 1368 φησὶ
240 1305 334 1358 τάς
372 1302 472 1349 νῦν
505 1300 756 1365 Ὁρμίνας.
801 1300 1039 1364 Ὁρμίνας
1074 1298 1130 1348 δὲ
1162 1304 1258 1348 καὶ
1286 1305 1411 1358 τους

79 1369 302 1426 Ἐπειοιὶς
318 1368 615 1416 καλεῖσθαι.
685 1367 844 1424 Quem
864 1368 1027 1415 locum
1048 1366 1104 1414 L.
1127 1361 1408 1416 Holstenius

80 1436 146 1484 ita
179 1437 400 1484 tentauit:
441 1433 624 1500 Tff’v3
648 1434 897 1499 εΥρμίνην
928 1433 1255 1499 Τριφυλίδα.
1273 1433 1409 1499 quod.

86 1502 347 1567 Τριφυλία
365 1457 517 1549 Elidis
536 1520 644 1566 pars
665 1514 748 1549 est.
785 1499 883 1549 Sed
903 1501 1024 1548 nihil
1047 1501 1143 1548 dici
1171 1515 1357 1566 poterat
1382 1518 1410 1550 a

80 1569 311 1636 Stephani
323 1584 485 1619 mente
498 1569 707 1617 alienius.
730 1568 918 1632 Integra
930 1581 981 1616 et
986 1579 1092 1617 sana
1104 1582 1214 1616 suut
1227 1570 1407 1630 omnia,

79 1637 230 1684 modo
278 1655 367 1702 pro
411 1634 709 1700 Ἔχεφυλίδα
753 1650 1013 1700 reponatur
1047 1635 1410 1701 Ἐχεφυλίδας,

80 1721 223 1770 quem
237 1704 517 1768 scriptorem
527 1702 655 1751 idem
664 1702 934 1767 Stephanus
946 1702 1105 1750 laudat
1117 1720 1156 1750 v.
1160 1707 1410 1770 Σφακτη-

76 1771 180 1835 ρία.
229 1768 596 1835 Ἕχεφυλλίδας
617 1787 701 1835 per
725 1769 903 1835 duplex
926 1771 958 1817 λ
982 1784 1181 1835 vocatur
1205 1771 1410 1821 aSeho-

78 1838 213 1886 liaste
246 1837 428 1886 inedito
461 1838 514 1885 in
545 1836 757 1884 Platonis
790 1836 1034 1885 Phaedon
1064 1856 1110 1900 p.
1135 1841 1247 1901 589.
1274 1838 1409 1902 Ἔχε·-

76 1903 332 1990 φυλλίδας
364 1903 420 1953 δὲ
441 1907 602 1969 φησὶν
620 1902 874 1967 Ἡρακλέα
899 1904 1004 1952 ’ὑπὸ
1029 1905 1275 1955 Κτεατου
1308 1909 1407 1954 καὶ

75 1970 317 2036 Εὐρύτου
332 1971 434 2020 τῶν
450 1973 568 2019 ,Most
570 1970 777 2019 ιονίδων
794 1971 1111 2037 ηττηθῆναι,
1134 1988 1222 2020 ete.
1252 1973 1405 2023 Porro

76 2039 325 2088 Menelaus
360 2039 500 2086 nobis
542 2039 799 2087 memorari
843 2038 1033 2087 videtur
1077 2057 1135 2103 ap
1139 2039 1205 2087 ud
1241 2041 1355 2106 Step
1359 2041 1406 2089 h:

76 2106 191 2171 Byz.
203 2125 232 2156 v
258 2106 532 2171 Εὔτρησις,
557 2106 776 2169 quamuis
788 2105 992 2155 Vossius
1015 2105 1075 2154 de
1095 2107 1216 2154 Hist.
1234 2109 1404 2158 Graec.

76 2173 374 2238 111.p..181
408 2173 712 2236 Menelaum,
747 2172 1097 2239 philosophum
1122 2173 1406 2240 Peripateti-

76 2258 214 2300 cum,
200 2192 551 2305 peundemque
581 2240 805 2289 historiae
830 2241 1111 2305 scriptorem
1137 2241 1404 2309 intelligere

75 2307 222 2355 malit.
293 2307 529 2355 Hactenus
555 2307 616 2356 de
651 2307 893 2355 Menelao.
962 2307 1044 2356 Ad
1071 2309 1283 2387 Longini
1309 2315 1403 2359 Φι-

75 2372 322 2451 λρλόγους
348 2376 486 2423 etiam
511 2374 819 2423 referendum
843 2376 944 2423 eius
966 2374 1026 2423 de
1047 2372 1256 2425 Aristide
1274 2377 1402 2426 iudi-

75 2442 236 2501 cium,
272 2443 406 2506 quod
444 2457 513 2490 est
546 2441 675 2508 apud
710 2443 968 2508 Sopatrum
991 2442 1184 2507 Proleg.
1215 2446 1266 2493 in
1286 2445 1404 2494 Ari-

75 2508 182 2556 stid.
206 2529 250 2574 Ρ.
271 2513 314 2556 5.
348 2508 445 2574 ἤδη
471 2511 571 2572 μεν
588 2513 842 2572 Λογγῖνος
874 2514 968 2560 καὶ
999 2509 1191 2568 πάντες
1224 2515 1276 2561 οἱ
1293 2532 1400 2577 κρι-

74 2580 212 2624 τικοὶ
241 2577 410 2623 πολλα)
437 2576 838 2641 προειρήκασιν,
873 2578 939 2634 ὥς
961 2577 1196 2639 γόνιμος,
1242 2598 1307 2636 ως
1324 2583 1403 2627 ἐν·

73 2644 449 2708 θυμηιιατικὸς
484 2643 749 2706 τυγχανει,
793 2649 889 2693 καὶ
916 2646 1121 2728 βίαιος,
1173 2650 1268 2694 καὶ
1305 2665 1400 2693 κα-

4 2732 6 2774 Ι
73 2709 240 2760 θόλον
278 2714 371 2760 τάν
403 2708 754 2780 Δημοσθένην
788 2711 1121 2776 μιμοίμενος.
1192 2712 1262 2761 Ex
1294 2730 1394 2777 quo
