1752 3118
428 285 559 356 DE
593 302 830 353 LIBRO
866 306 929 353 Π.
966 307 1016 354 Τ.
1288 325 1404 357 cxxr

90 449 190 481 non
207 429 483 488 audeamus»,
521 443 567 476 et
591 428 748 493 quod,
785 430 824 477 si
851 430 956 495 quis
974 445 1159 492 vrgeat‚
1196 429 1403 497 denique

91 499 397 546 decernamus
417 514 505 543 nee
527 497 576 543 in
601 497 839 544 sententiis
857 515 944 547 nec
965 498 1012 544 in
1034 498 1185 544 verbis
1200 499 1294 544 vim
1317 517 1408 546 no·-

88 580 251 628 tasque
272 563 445 611 habere
459 564 767 626 sublimitat-is.
806 563 893 610 Hic
910 564 1156 611 mirabitur
1170 566 1405 641 indoctus,

90 629 334 696 quomodo
358 645 552 694 repente
579 630 911 679 deuenerimus
941 630 999 677 ad
1031 631 1317 691 orationem,
1334 633 1406 680 in

90 715 182 760 qua
215 698 432 744 virtutem
458 698 585 744 illam
615 715 713 745 non
739 715 1072 760 agnoscamus,
1110 716 1217 744 cum
1248 718 1270 744 a
1294 717 1410 762 pro-

87 765 209 811 xime
227 763 525 811 antecedenti
543 778 636 810 tam
662 782 825 828 pavum
842 764 1079 827 d1sc1epet
1085 801 1100 825 ,
1126 779 1174 813 vt
1196 765 1255 812 ad
1278 764 1411 813 idem·

88 848 235 893 genus
279 831 441 877 referri
476 830 650 879 debete
689 831 914 881 videatur
981 830 1078 878 Sed
1114 833 1320 901 monitus
1356 848 1404 880 et

88 896 286 944 edoctus
311 897 568 962 intelliget,
602 898 652 944 in
686 899 851 957 1·el»uS‚
899 915 1097 962 quarum
1129 899 1262 946 notio
1305 917 1404 946 non

89 964 149 1011 sit
184 964 430 1023 absoluta,
459 981 553 1011 nec
578 965 737 1011 certis
747 964 918 1012 finibus
942 979 1160 1031 certaque
1187 983 1412 1014 mensura*

88 1031 241 1095 possit
258 1029 461 1090 definiri,
498 1047 586 1077 nos
612 1032 675 1078 ita
696 1032 867 1078 sensim
890 1049 1166 1096 progressos
1191 1051 1410 1101 necessa-

89 1098 163 1144 xio
186 1096 397 1162 denique
409 1098 665 1145 subsistere
688 1097 864 1145 debere
890 1099 1051 1162 aliquo
1073 1100 1219 1148 loco
1195 1137 1212 1160 ,
1247 1117 1308 1147 ne
1335 1116 1409 1147 res

89 1163 214 1211 inter
231 1181 281 1210 se
298 1177 607 1227 repugnantes
627 1164 686 1210 ad
707 1163 834 1211 idem
855 1182 1001 1228 genus
1024 1167 1197 1215 referre
1218 1164 1413 1215 eodem·

91 1248 184 1297 que
202 1231 396 1280 nomine
415 1231 656 1301 appellare
674 1247 915 1293 cogamur,
1216 1250 1221 1257 ·

633 1343 671 1410 §.
705 1344 870 1395 xvu

189 1435 268 1484 Ab
312 1435 395 1484 illa
440 1452 622 1483 summa
662 1434 854 1484 dicendi
884 1432 1216 1497 sublimitate,
1270 1453 1421 1499 quam

90 1502 248 1568 primo
281 1503 565 1572 significavi,
612 1505 850 1568 profectus
883 1519 1050 1551 auctor
1079 1504 1188 1549 libni
1226 1506 1299 1550 H.-
1333 1506 1419 1560 ΙΞ,

93 1587 229 1631 cum,
263 1584 312 1617 vt
346 1568 494 1617 homo
529 1571 698 1616 summi
733 1570 909 1632 ingenii
944 1584 988 1617 et
1018 1570 1208 1617 maximi
1245 1569 1411 1631 animi,

90 1638 265 1684 virtute
295 1637 381 1683 ista
402 1635 548 1685 vnice
571 1635 937 1694 delectaretur,
955 1654 1047 1708 qua
1071 1637 1200 1695 sola,
1216 1651 1287 1684 vt
1309 1637 1417 1700 ipse

92 1700 208 1750 dicit
227 1707 302 1764 (1,
320 1701 441 1780 5),
459 1702 635 1755 summi
666 1717 836 1767 poetae
858 1716 907 1750 et
933 1718 1147 1750 oratores
1179 1717 1414 1751 aeternam

91 1769 182 1819 sibi
202 1769 476 1833 peperenint.
500 1769 720 1833 gloriam,
767 1771 905 1817 etiam
929 1786 980 1817 ea
996 1807 1007 1828 ,
1053 1787 1176 1834 quae
1196 1771 1413 1834 proxime

91 1834 151 1882 ad
173 1836 306 1883 illam
320 1834 568 1915 ac‘c'edunt',
598 1854 702 1884 uec
711 1855 810 1885 non
832 1853 951 1900 quae
973 1836 1288 1884 submissiora
1300 1855 1416 1902 pau--¹

89 1902 153 1950 lo
177 1903 399 1950 tertium
396 1905 548 1975 quasi
597 1902 798 1967 gradum
844 1903 1080 1968 dignitatis
1117 1916 1306 1964 tenent,
1327 1929 1333 1933 *⁴
1363 1917 1412 1951 vt

90 1970 241 2018 verba
257 1968 567 2049 Theopompi
589 1973 678 2030 45,
699 1989 745 2032 2,
774 1969 994 2018 sublimia
1016 1970 1214 2019 dicebat.
1289 1970 1414 2019 Nam

92 2051 323 2100 quantum
347 2055 374 2085 e
401 2039 561 2098 libro
549 2055 658 2103 ipso
679 2037 889 2086 iudicate
916 2055 1190 2103 possumus,
1227 2038 1414 2089 medio-

97 2104 192 2150 cria
234 2105 339 2152 siue
371 2120 630 2169 temperata
672 2105 757 2152 ille
790 2122 890 2152 non
923 2106 1080 2167 magni
1114 2103 1411 2166 aestimabat3

92 2171 319 2218 submissa
339 2186 497 2219 autem
513 2172 612 2219 siue
634 2172 796 2219 tenuia
815 2170 892 2219 vix
912 2172 1142 2236 scriptore
1159 2169 1413 2236 ἀξιολόγῳ

93 2239 326 2286 statuebat
351 2238 504 2302 digna.
547 2240 698 2286 ⁴Certe
722 2238 1027 2286 hoc-tertium
1053 2255 1201 2302 genus
1221 2222 1413 2286 dicend‘i

92 2322 325 2368 nusquam
347 2306 524 2369 tetigit,
562 2306 647 2353 etsi
671 2306 858 2369 saepius
878 2306 979 2353 eius
1004 2305 1411 2353 commemorandi

93 2372 433 2434 opportunitas
455 2371 678 2420 dabatur:
715 2390 768 2420 ac
801 2390 895 2420 non
931 2372 1080 2421 modo
1107 2373 1295 2435 4ἰσχνοῦ
1332 2385 1413 2419 aut

92 2438 243 2484 λιτοῦ
262 2439 460 2486 verbum
480 2457 711 2504 nus-quam
737 2439 981 2501 adhibuit,
1016 2439 1100 2487 sed
1123 2458 1183 2487 ne
1205 2441 1411 2492 circum-

91 2504 336 2551 locutione
372 2504 563 2567 quidem
592 2507 749 2570 aliqua
775 2507 1078 2570 significauit,
1127 2507 1264 2555 etiam
1295 2506 1411 2553 huic

92 2571 163 2618 vi·
167 2572 250 2617 tuti
270 2571 569 2620 tribuendam
589 2590 688 2621 esse
709 2573 911 2637 aliquam
934 2574 1138 2621 laudem.
1182 2573 1411 2619 Tantum-

91 2636 239 2685 modo
262 2638 427 2685 vitium
452 2639 494 2687 ei
515 2640 725 2688 vicinum
745 2641 926 2705 passim
941 2643 1148 2701 notauit,
1185 2640 1409 2686 damnans

94 2706 272 2771 quippe
304 2710 535 2754 ταπεινοὶ
557 2710 617 2766 5,
642 2712 672 2756 4
692 2721 738 2756 et
761 2711 852 2769 45,
874 2711 919 2755 fi.
939 2721 987 2755 et
1008 2708 1209 2770 ἄσεμνα
1237 2719 1285 2754 et
1318 2724 1410 2752 κα-
