1752 3118
413 343 422 348 -
455 304 555 354 DE
588 304 825 354 LIBRO
861 307 926 353 11.
963 307 1012 354 Y.
1216 324 1394 358 cxxvu

80 428 494 497 reprehensionem
513 428 784 477 criticorum
805 427 1067 491 effugisset,
1091 445 1189 476 non
1207 445 1395 478 omnem

82 498 308 564 quidem,
343 494 428 543 sed
464 510 622 543 tamen
659 495 826 543 iustam
857 508 907 543 et
932 495 1262 556 necessariam3
1299 515 1398 544 non

83 582 305 621 omnem,
341 562 462 624 dixi3
501 563 611 627 quia
641 563 811 610 infiniti
841 577 952 611 sunt
978 560 1151 626 gradus
1174 562 1400 610 sublimi-

82 633 184 680 tatis
211 631 364 677 miuus
387 646 607 693 magnae,
655 628 917 677 secundum
943 628 1162 689 terroriS,
1207 646 1306 693 quo
1332 631 1400 677 af-

81 698 294 756 ficimur,
342 695 568 755 modum,
613 697 694 760 qui
734 710 891 760 potest
919 694 1174 760 aliquando
1206 713 1306 743 esse
1335 696 1401 744 ita

80 765 225 825 lenis,
261 764 323 810 ita
355 781 453 811 non
482 764 773 828 percellere,
806 762 891 811 sed
913 763 1142 826 stringere
1165 781 1219 811 ac
1248 780 1401 830 prope

81 831 294 879 mulcere
316 831 522 878 animum
537 865 551 891 ,
586 843 635 878 vt
657 829 717 877 ad
737 829 1032 895 voluptatem
1058 845 1114 876 ex
1140 831 1326 878 obiecta
1350 846 1400 877 re

82 898 284 964 pulchra
301 915 449 962 paene
468 897 658 959 cognita
678 910 947 960 perceptam
962 895 1167 944 accedan
1211 896 1282 944 Ex
1302 914 1400 978 ‘1¹¹⁰

83 966 123 1012 si
146 963 377 1012 laudasset
395 965 442 1011 in
467 964 724 1012 Platonicis
748 964 842 1011 illis
866 974 945 1026 28,
974 980 1015 1011 2.
1036 965 1087 1011 in
1110 966 1402 1028 εἱμαρμενῃ

83 1031 263 1093 πορείᾳ
289 1046 336 1079 et
361 1032 642 1096 προπομπῇ
663 1030 886 1096 δημοσίᾳ
911 1049 1008 1078 non
1029 1029 1230 1092 κόσμον
1254 1045 1301 1079 et
1322 1031 1405 1078 εύ-

83 1097 298 1162 μέλειαν
325 1098 416 1161 τῆς
440 1097 807 1162 περιφράσεως,
841 1097 925 1145 sed
953 1095 1125 1146 δεινόν
1156 1117 1205 1146 τι
1219 1133 1233 1154 ,
1268 1096 1405 1162 quod

84 1167 312 1214 haberent
333 1165 532 1228 grandes
553 1182 712 1212 rerum
730 1165 983 1228 imagines,
1014 1178 1139 1212 recte
1156 1165 1206 1213 id
1221 1165 1408 1213 fecisset

85 1251 110 1281 e
131 1231 307 1279 iudicio
322 1247 369 1279 et
390 1249 532 1279 sensu
553 1249 669 1292 suo;
692 1233 794 1293 etsi,
819 1231 902 1296 qui
926 1231 1192 1296 vituperare
1214 1232 1405 1289 vellent,

84 1295 429 1346 iucunditatem
471 1298 630 1363 potius
672 1311 718 1345 et
762 1298 1044 1346 suauitatem
1081 1298 1177 1346 illis
1214 1311 1407 1363 possent

85 1366 292 1414 tribuere
318 1380 571 1429 totumque
599 1366 761 1413 locum
796 1366 972 1414 referre
995 1363 1054 1413 ad
1085 1364 1408 1414 characterem

89 1433 315 1481 orationis
337 1447 633 1498 temperatae.

192 1565 339 1624 Quod
369 1566 407 1614 si
430 1566 514 1631 qui
538 1566 675 1614 etiam
698 1585 829 1615 nunc
850 1566 1176 1632 reperiuntur,
1213 1565 1295 1631 qui
1322 1584 1405 1614 au·-

90 1648 269 1682 ctorem
305 1633 424 1680 nihil
468 1633 518 1680 in
562 1633 841 1698 explicanda
874 1635 1071 1682 notione
1106 1633 1408 1680 sublimitatis

89 1717 308 1765 peccasse
331 1700 641 1759 contendant,
689 1700 858 1747 saltem
882 1700 953 1746 illi
977 1717 1035 1747 ne
1060 1699 1189 1747 Mori
1214 1699 1409 1746 abutan-

87 1782 166 1815 tur
186 1767 483 1824 auctoritate,
519 1767 604 1832 qui
624 1767 673 1814 in
694 1768 855 1815 libello
878 1771 1155 1816 animadvv.
1178 1770 1249 1814 ad
1270 1771 1411 1815 Lon·

83 1838 258 1897 ginum
293 1847 462 1882 contra
492 1834 755 1883 nonnullos
789 1835 1022 1899 disputat,
1073 1837 1185 1899 qui,
1220 1849 1269 1882 vt
1303 1852 1348 1898 p.
1379 1850 1404 1894 7

91 1901 287 1960 dicitur,
323 1900 598 1965 Longinum
630 1902 948 1966 negligentem
974 1915 1020 1949 et
1045 1900 1257 1966 ineptum
1289 1901 1411 1948 eius—

91 1986 183 2032 que
202 1967 501 2033 disciplinam
517 1969 837 2034 perturbatam
852 1986 954 2017 esse
968 1969 1245 2016 statuebant.
1280 1969 1413 2015 Dura

89 2035 173 2082 ille
198 2036 347 2100 magis
372 2053 539 2083 eorum
560 2036 705 2084 verba
730 2034 974 2101 repudiat,
1011 2049 1086 2095 et,
1122 2049 1172 2082 vt
1198 2049 1294 2082 erat
1317 2033 1412 2081 cir-

92 2117 391 2167 cumspectus
415 2116 460 2151 et
477 2102 742 2164 modestus,
769 2117 1012 2151 auctorem
1034 2116 1222 2149 excusat
1236 2102 1412 2148 incon-

92 2169 261 2218 stantia
293 2187 402 2219 vsus
432 2169 689 2235 loquendi,
746 2187 866 2235 quae
898 2169 1198 2218 sublimitatis
1234 2185 1412 2217 nomen

95 2236 230 2283 etiam
247 2237 420 2285 tribuat
443 2239 582 2287 rebus
598 2237 908 2286 similitudine
937 2237 1093 2302 aliqua
1114 2235 1175 2284 ad
1199 2234 1414 2283 sublimi·

95 2317 235 2350 tatem
269 2303 615 2353 accedentibus.
674 2303 773 2353 Sed
798 2305 838 2352 si
869 2305 1013 2368 vulgo
1051 2302 1216 2368 (quod
1246 2297 1412 2350 doceri

92 2370 169 2418 vix
192 2371 368 2434 potest)
391 2389 565 2420 nomen
583 2369 752 2434 ὕψους
773 2370 832 2419 de
851 2372 979 2420 omni
1004 2371 1100 2419 fere
1116 2370 1287 2419 virtute
1309 2387 1413 2416 ora-

95 2437 237 2485 tionis
254 2439 559 2502 vsurpabant,
593 2457 691 2487 non
711 2439 916 2487 debebat
935 2439 1018 2487 ille
1040 2457 1146 2486 cum
1171 2437 1316 2500 vulgo
1340 2436 1413 2484 lo-

97 2505 204 2567 qui:
244 2519 323 2551 aut
358 2520 512 2567 certe,
547 2506 584 2554 si
615 2505 666 2554 id
697 2507 865 2567 vellet,
909 2522 1105 2554 monere
1131 2504 1229 2552 hoc
1253 2505 1411 2568 ipsum

96 2571 324 2629 debehat,
362 2585 410 2619 et
438 2573 805 2635 significationes
836 2574 967 2624 verbi
998 2572 1206 2620 diuersas
1240 2569 1410 2617 sedulo

98 2653 143 2686 et
166 2639 416 2701 diligenter
438 2639 748 2705 distinguere,
786 2656 866 2690 aut
888 2654 1043 2688 totum
1068 2639 1203 2686 aliter
1224 2636 1413 2684 institu-

99 2722 176 2756 ere
200 2722 245 2761 et
274 2720 465 2757 tractare
490 2722 828 2773 argumentum.
876 2710 1101 2758 Ceterum
1119 2705 1205 2753 etsi
1226 2704 1411 2772 Morus,v
