1752 3118
270 257 361 297 264.
556 258 784 307 NOTAE
822 258 905 300 AD
951 257 1029 298 DE
1058 258 1309 299 SVBLIM.

269 370 558 423 terumdigna
584 379 655 415 est:
672 369 923 426 philosopho
959 379 1001 411 et
1038 371 1208 410 rhetore
1238 371 1452 410 sententia.
1507 372 1603 416 Hoc

269 436 420 477 nempe
451 426 668 478 fignificat:
696 429 734 467 si
751 428 943 477 ‘homines
969 427 1150 466 maxime
1183 426 1362 465 diuersis
1379 428 1526 466 imbuti
1545 429 1598 468 de

270 491 416 519 rerum
449 489 598 521 natura
626 483 913 536 opinionibuS,
951 484 1096 535 quibus
1138 482 1400 533 opinionibus
1429 497 1598 523 necesse
1635 482 1640 491 “

270 535 326 574 sit
347 549 491 577 eorum
516 538 605 590 regi
630 546 672 577 et
688 538 869 580 Adefiniri
901 539 1077 585 iudicia,
1105 537 1156 575 de
1189 544 1303 576 certa
1328 546 1469 576 tamen
1497 554 1598 590 qua-

269 590 367 643 dam
385 605 432 631 re
454 607 584 631 vnum
603 594 796 645 idemque
814 600 1017 642 statuant,
1046 602 1291 631 consensum
1317 594 1441 632 illum
1477 595 1598 632 miri-

268 644 396 698 ficum
418 662 503 687 non
525 662 641 699 posse
662 649 846 702 pendere
869 663 891 688 e
912 650 1056 695 rebus,
1086 663 1190 700 quae
1212 650 1300 686 fere
1327 649 1599 688 moderentur

268 700 485 742 hominum
504 704 670 753 iudicia,
697 705 770 754 sed
791 718 843 744 ex
863 705 938 743 illa
960 705 1049 757 ipsa
1067 717 1138 752 re3
1167 717 1338 756 eamque
1360 705 1597 743 necessario

271 769 358 795 esse
379 759 526 808 talem,
550 760 685 812 qualis
708 760 899 799 videatur
915 759 1155 814 hominibus
1175 759 1266 799 istis
1293 767 1379 799 tam
1408 761 1519 799 inter
1553 774 1596 798 se

270 811 577 854 dissidentibus.
1094 820 1098 822 ⁴

746 960 774 999 s
795 958 827 998 Ε
847 960 878 999 c
898 935 1109 1001 T.v111.

348 1039 390 1093 §.
428 1053 462 1080 1.
492 1041 547 1086 αῖς
577 1041 633 1084 ἂν
661 1044 778 1083 εἴποι
811 1059 894 1092 τις,
926 1047 1065 1097 πηγαί
1094 1043 1215 1096 τινες]
1268 1047 1456 1098 Quinque
1472 1047 1595 1100 sere

266 1095 533 1136 sublimitatis
553 1098 688 1137 fontes
703 1099 823 1157 ponit
839 1106 997 1138 auctor.
1034 1099 1141 1139 Nam
1163 1100 1270 1143 τινὲς
1287 1101 1338 1139 ad
1356 1106 1478 1142 πέντε
1493 1116 1595 1153 per-

266 1150 386 1199 tinet,
406 1165 491 1191 non
509 1155 620 1206 tropi
641 1155 828 1193 mutandi
848 1169 970 1193 causa
988 1154 1198 1194 adiectum
1222 1163 1305 1204 est3
1338 1157 1403 1194 cui
1425 1159 1488 1196 rei
1509 1158 1594 1198 iam

264 1205 503 1247 inseruiunt
525 1210 622 1259 illa,
651 1212 705 1254 ὡς
721 1209 776 1251 ἄν
809 1213 925 1251 εἴποι
949 1226 1021 1254 τις.
1077 1211 1290 1262 Significat
1322 1212 1450 1262 igitur
1477 1213 1593 1252 Lon..

264 1261 409 1313 ginus,
433 1265 576 1316 plures
599 1267 723 1304 etiam
741 1266 878 1305 fontes
907 1266 1172 1306 sublimitatis
1205 1280 1327 1318 posse
1360 1269 1504 1317 statui,
1533 1270 1592 1308 sic

265 1323 314 1355 vt
338 1319 442 1370 φύε,
465 1321 590 1360 aliter
609 1321 800 1361 instituta
820 1322 1035 1370 diuisione,
1064 1321 1140 1370 τήν
1160 1326 1203 1363 ἐν
1227 1322 1280 1371 τῷ
1301 1325 1434 1374 λέγειν
1459 1323 1590 1365 δύνα-

266 1388 363 1426 μιν,
392 1388 496 1426 quae
515 1376 585 1416 hic
601 1377 865 1416 fundamenti
887 1379 981 1416 loco
1003 1377 1186 1429 ponitur,
1214 1377 1260 1415 in
1278 1391 1501 1417 numerum
1520 1394 1591 1419 re-

263 1428 379 1466 serre
404 1433 556 1481 possit3
596 1433 667 1471 sed
695 1432 772 1472 hos
805 1446 892 1471 esse
913 1432 1250 1488 γονιμωτάτους,
1281 1438 1525 1488 praecipuos
1549 1442 1591 1476 et

265 1488 437 1532 maxime
459 1496 588 1526 certos
605 1488 754 1527 sontes.
924 1536 927 1543 ,

375 1547 512 1595 πηγαὶ
536 1545 844 1599 γονιμώταται]
875 1544 1047 1584 Etiamsi
1067 1544 1159 1599 γόνι
1196 1562 1241 1590 ος
1265 1546 1310 1584 in
1332 1546 1482 1586 lexicis
1502 1559 1590 1587 non

262 1593 388 1635 'habet
407 1599 750 1650 significationem
769 1605 961 1654 genuini,
991 1608 1130 1639 tamen
1193 1602 1389 1654 esychius
1409 1601 1591 1657 γόνιμον

262 1651 323 1688 sic
347 1653 552 1704 explicat,
591 1662 637 1694 vt
662 1657 716 1694 sit
738 1656 935 1710 γνήσιον,
971 1657 1107 1695 veluti
1135 1671 1229 1695 cum
1249 1658 1362 1696 filius
1386 1662 1598 1711 genuinus>

264 1705 448 1758 dicitur,
471 1711 539 1762 qui
562 1723 647 1750 non
667 1718 727 1749 est
747 1712 979 1764 adoptiuuS.
1034 1712 1171 1750 Etiam
1199 1712 1346 1750 Suidas
1365 1714 1410 1751 in
1434 1716 1600 1767 παρα-’

260 1763 629 1820 κεκινδυνευμένον
663 1766 729 1820 (Τ.
749 1767 787 1806 3.
809 1782 848 1820 p.
870 1768 917 1806 31
938 1766 953 1821 )
984 1768 1121 1806 vtitur
1152 1768 1470 1819 Aristophanico
1490 1771 1598 1818 locor
1614 1806 1622 1810 .

262 1830 285 1854 e
298 1817 422 1859 Ranis
435 1827 499 1870 (v.
520 1821 606 1879 96),
630 1823 703 1861 vbi
722 1822 897 1878 γόνιμος
917 1821 1096 1872 ποιητής
1111 1822 1256 1862 eodem
1274 1823 1402 1862 Suida
1417 1832 1586 1865 auctore

259 1879 323 1912 est
350 1889 488 1923 verus,
525 1893 753 1929 germanus.
814 1879 917 1918 Cum
939 1893 1035 1930 ergo
1063 1877 1237 1932 γόνιμος
1267 1886 1309 1917 et
1320 1883 1524 1930 fecundus
1543 1888 1586 1919 et

256 1934 459 1982 genuinus
475 1934 587 1972 verti
613 1941 775 1986 posset,
804 1948 890 1973 non
904 1934 1091 1973 dubitaui
1115 1934 1323 1985 posterius
1342 1936 1583 1986 praeferre:

260 1997 392 2036 neque
412 1988 524 2026 enim
545 1990 760 2042 quaeritur
783 1991 824 2030 h.
843 1991 873 2030 1.
886 2021 897 2040 ,
925 1990 998 2042 qui
1019 1990 1101 2028 sint
1122 1988 1298 2037 fecundi
1317 1991 1586 2030 sublimitatis

256 2039 414 2093 fontes,
452 2044 540 2085 sed.
557 2058 760 2097 quaenam
794 2062 889 2085 vera
917 2053 959 2084 et
988 2053 1100 2085 certa
1128 2045 1216 2083 eius
1247 2060 1370 2084 causa
1395 2047 1458 2086 sit.
1536 2048 1584 2086 in

256 2095 341 2134 alio
361 2097 537 2151 Longini
559 2100 652 2140 loco
673 2103 758 2151 (44,
784 2105 825 2152 3)
859 2103 1050 2150 libertas,
1081 2114 1184 2152 quae
1213 2108 1275 2158 est
1307 2101 1427 2156 νᾶμα
1461 2118 1583 2154 γονι-

254 2151 453 2205 μώτατον
472 2169 598 2194 verae
616 2158 898 2209 eloquentiae,
925 2164 974 2196 vt
995 2157 1168 2209 opinor,
1196 2160 1403 2196 verissima
1430 2166 1471 2197 et
1493 2175 1582 2199 cer-

255 2210 414 2249 tissima
433 2212 682 2264 eloquentiae
705 2230 832 2253 causa
846 2214 1015 2252 dicitur.
1072 2211 1134 2250 De
1156 2213 1306 2251 mutilo
1324 2213 1421 2252 loco
1441 2216 1582 2270 (31‚,1)

252 2273 342 2303 :non
363 2262 658 2318 integruns'est
678 2269 879 2309 iudicare.
909 2269 1063 2308 Monvs.
1124 2299 1127 2300 ν

337 2321 410 2370 τῆς
428 2326 470 2362 ἐν
491 2322 548 2373 τῷ
566 2325 698 2378 λέγειν
732 2323 962 2379 δυνάμεως]
993 2324 1109 2362 Hanc
1138 2337 1306 2372 omneS,
1336 2326 1406 2375 qui
1434 2325 1581 2370 Latine

251 2371 518 2429 interpretati
545 2387 660 2428 sunt,
701 2387 919 2419 verterant
947 2380 1108 2419 dicendi
1133 2381 1395 2433 facultatem.
1459 2381 1580 2422 Nihil

248 2439 389 2471 autem
412 2433 680 2484 addiderunt,
709 2450 790 2488 quo
805 2437 868 2475 vis
890 2437 976 2475 eius
995 2435 1183 2475 subtilius
1211 2435 1478 2486 definiretur,
1504 2445 1579 2481 ‚aut

251 2488 363 2533 vnde
391 2495 591 2540 pateret„
602 2492 748 2542 quibus
777 2490 926 2530 finibus
954 2492 1071 2530 illam
1104 2491 1463 2545 circumscriptam
1486 2494 1578 2531 exi—

249 2541 483 2583 stimarent.
536 2544 727 2592 Boileau:
757 2548 1038 2601 lasaculte'de
1068 2548 1158 2586 bien
1171 2549 1333 2601 parler;
1363 2556 1404 2587 et
1422 2549 1577 2586 Heine-

249 2597 342 2638 kius
359 2607 502 2639 noster
526 2600 737 2642 similiter:
770 2604 835 2643 die
861 2604 1223 2644 Gesclzichliclzkeit
1241 2604 1347 2642 wolzl
1358 2619 1412 2644 zu
1431 2606 1550 2643 reden
1558 2620 1576 2653 ;

249 2661 423 2711 vterque
446 2662 540 2711 apte
564 2664 606 2699 et
626 2659 765 2700 verbis
794 2660 1111 2710 conuenienter,
1138 2659 1209 2698 sed
1239 2666 1378 2699 tamen
1399 2661 1574 2700 obscure
