1752 3118
486 265 787 308 sEc'rloN.
818 267 922 307 xw.
950 267 992 321 §-
1023 267 1062 307 3.
1081 267 1124 308 4.
1381 250 1470 310 333²

135 381 541 426 ΑΠΗΛΛΛΞΑΣ.
592 376 748 418 Confer
776 391 852 417 nos
874 378 925 418 ad
953 378 1231 427 Theocritum
1261 376 1369 431 VIII,
1396 369 1463 420 4ο.

135 437 328 476 Ceterum
348 439 462 476 locus
486 437 577 485 iste,

251 492 313 534 Οὐ
339 490 441 546 γάρ,
470 490 537 548 μοὶ
565 489 640 541 τήν
668 513 1033 524 —————

246 550 420 598 Χαίρων
448 563 512 592 τις
541 546 680 589 αὐτῶν
710 546 868 603 τούμόν
892 546 1068 602 α’λγυνεῒ
1090 549 1210 599 κέαρ.

133 615 307 654 totidem
330 614 470 652 verbis
495 614 650 666 legitur
669 614 777 666 apud
795 612 979 666 Euripid.
1014 614 1058 651 in
1087 613 1231 653 Medea
1254 613 1349 665 398.
1382 627 1459 652 vn*

135 671 187 709 de
218 676 426 708 mutuatus
460 676 521 708 est
552 669 735 722 Eupolis.
810 669 893 717 Qui
918 682 1007 707 mos
1036 669 1212 708 istorum
1242 669 1462 708 hominum

135 733 217 776 est,
246 725 297 764 de
320 739 399 778 quo
417 738 492 764 nos
511 739 634 777 supra
651 726 703 764 ad
725 731 823 764 sect.
853 727 914 766 15.
972 726 1009 764 Τ
1010 739 1171 765 OVPIVS.
1201 727 1202 730 ’

219 809 259 863 §.
281 809 318 846 4.
345 807 627 861 Κᾴπειδήπερ
644 807 813 858 ὑπήντα
835 808 891 859 τῷ
907 809 963 866 ῥ)
993 808 1123 848 Faber
1140 809 1365 861 legendum
1387 822 1462 847 su-

132 866 370 916 spicabatur
393 865 561 915 ’ὑπήντα
594 880 674 908 τις
701 866 756 915 τῷ
778 866 816 919 ῥ.
853 866 1058 905 Similiter
1081 866 1243 904 Morus:
1281 866 1462 915 „Vtrum

133 921 359 960 Aeschines
392 921 665 960 Demostheni
699 921 779 959 hoc
804 922 1039 970 obiecerat,
1068 935 1122 959 an
1150 929 1212 960 est
1245 921 1461 959 cuiusdam

134 977 351 1028 scriptoris
386 978 569 1016 locus'?“
608 976 689 1016 Sed
718 990 868 1015 verum
896 977 978 1016 iam
1013 978 1135 1017 Petra
1163 976 1350 1026 viderat,
1390 976 1464 1028 qui

134 1032 354 1086 πρόληψιν
369 1033 500 1071 inesse
523 1033 735 1085 significat,
758 1046 880 1084 quam
901 1040 1098 1084 sequatur
1126 1031 1368 1082 ἀπάντησις
1388 1045 1462 1070 seu

133 1089 355 1141 ὑποφορά.
412 1088 554 1127 Morus
576 1103 670 1127 cum
692 1089 891 1127 verterit:
919 1093 956 1127 ei
974 1090 1079 1127 illud
1089 1091 1352 1143 occur-rebe&
1379 1088 1463 1126 mi-

131 1158 227 1182 rum
250 1151 332 1193 est,
365 1145 402 1184 ei
422 1158 504 1182 non
522 1145 685 1183 venisse
717 1145 763 1181 in
790 1150 974 1182 mentem
1002 1145 1143 1183 locum
1174 1143 1387 1183 Ciceronis
1417 1143 1464 1181 in

133 1213 195 1238 or.
236 1200 280 1237 in
310 1201 395 1238 Mil.
429 1214 463 1239 c.
484 1214 524 1252 9.
543 1200 653 1238 med.
686 1200 934 1239 Occurrebat
953 1203 1011 1246 ei,
1040 1214 1229 1238 mancam
1252 1206 1331 1238 etc.
1368 1199 1462 1251 [pse

131 1255 261 1306 igitur
293 1254 593 1294 Demosthenes
625 1255 704 1294 sibi
743 1254 853 1293 illud
894 1255 1088 1306 opponit,
1126 1256 1239 1307 quod
1279 1254 1464 1293 obiicere

132 1310 292 1362 possint
328 1311 559 1349 auditores:
602 1311 777 1363 ideoque
816 1310 988 1359 callide,
1028 1317 1075 1349 vt
1100 1309 1146 1348 in
1177 1310 1261 1356 fine
1294 1310 1465 1358 dicitur,

133 1365 295 1415 φθάνει
316 1365 388 1408 τόν
409 1364 653 1420 ἀκροατήν,
683 1374 725 1405 et
744 1367 888 1416 efficit,
930 1373 979 1406 vt
1005 1379 1132 1405 nemo
1170 1367 1256 1406 tale
1287 1365 1389 1418 quid
1417 1365 1466 1404 in

131 1421 267 1473 ipsum
291 1422 485 1461 conferre
506 1423 624 1462 velit.

217 1486 290 1527 διοὲ
310 1487 431 1530 ταῦθ’
448 1488 554 1542 ἑξῆς]
589 1490 625 1528 Τ
627 1490 775 1542 oupius
810 1488 961 1528 edidit:
1003 1487 1077 1529 διοὲ
1105 1488 1239 1534 ταῦτα
1273 1486 1328 1530 τοὶ
1360 1486 1464 1538 ἑξῆς,

132 1541 244 1582 nihil
261 1543 314 1582 'de
332 1544 410 1583 hac
432 1546 660 1584 mutatione
679 1558 864 1584 monens,
920 1547 985 1584 An
1006 1558 1058 1585 ex
1077 1546 1215 1598 aliquo
1241 1545 1357 1584 fonte
1384 1545 1467 1583 du·-

131 1605 247 1636 ctum
270 1600 361 1638 est?
390 1600 492 1639 Mihi
522 1601 692 1652 quidem
719 1601 950 1653 perplacet.
1009 1601 1117 1640 Nam
1146 1602 1182 1639 si
1211 1600 1322 1639 nihil
1349 1599 1464 1638 aliud

131 1655 225 1692 vitii
246 1656 387 1694 verbis
410 1656 533 1694 huius
552 1658 637 1695 loci
655 1658 785 1706 inest,
815 1657 1018 1695 articulus
1046 1663 1159 1695 certe
1182 1663 1277 1695 ante
1297 1655 1463 1711 ὀνόμα-

132 1725 187 1749 τα
207 1723 379 1760 prorsus
399 1711 674 1751 desideratur.
729 1712 819 1753 Iam
845 1713 890 1750 in
910 1713 986 1751 illa
1015 1713 1198 1751 lectione
1228 1713 1381 1764 'l'oupii
1409 1709 1465 1752 τοὶ

132 1765 318 1816 pertinet
352 1773 438 1805 tam
475 1767 527 1806 ad
565 1781 720 1806 nomen
746 1767 1090 1820 intelligendum,
1140 1770 1206 1821 (vt
1238 1766 1465 1822 νοήματα),

132 1833 254 1871 quam
286 1821 337 1860 ad
368 1821 576 1878 ὀνόματα.
624 1818 769 1864 ,Notus
798 1825 911 1862 enim
950 1831 1012 1862 est
1040 1838 1138 1863 vsus
1174 1824 1370 1875 copulae,
1411 1837 1465 1862 ex

131 1889 212 1926 quo
231 1878 359 1915 verba
378 1878 489 1918 idem
513 1880 664 1919 volunt
679 1910 691 1929 ,
720 1880 834 1934 quod
853 1878 908 1920 τοὶ
926 1879 1041 1930 ἑξῆς,
1068 1879 1119 1921 οὐ
1138 1878 1274 1934 μόνον
1293 1878 1463 1934 νοήμα-

63 1938 67 1942 ’
91 1983 99 1989 ,Β
133 1947 208 1979 τα,
237 1930 344 1972 α’λλοὶ
363 1937 439 1973 καὶ
459 1933 668 1990 ὀνόματα.

219 1996 269 2036 δι’
300 1997 543 2051 ἀσφαλείας
571 2001 665 2055 ἄγει
706 2005 783 2042 καὶ
816 2000 1042 2057 ὀνόματα]
1090 1999 1265 2055 Elegans
1285 2003 1460 2043 locutio.

133 2052 370 2105 Xenophon
391 2057 565 2096 Memor.
575 2058 643 2106 lV,
653 2058 690 2097 6.
714 2057 856 2098 Ὁπότε
876 2059 919 2099 δὲ
941 2057 1069 2103 αὐτός
1088 2074 1129 2099 τι
1152 2058 1208 2108 τῷ
1225 2057 1333 2113 λόγῳ
1355 2058 1462 2108 διεξ-

136 2111 220 2156 ίοι,
252 2108 324 2149 §cd
348 2111 426 2153 τῶν
460 2112 649 2166 μάλιστα
675 2112 1027 2169 ὁμολογουμένων
1052 2114 1270 2169 ἐπορεύετο
1280 2145 1295 2164 ,
1333 2118 1462 2171 νομί-

137 2168 217 2213 ζων
241 2164 396 2215 ταύτην
412 2166 488 2217 τήν
516 2169 883 2211 ΑΣΦΑΛΕῙΛΝ
911 2170 1023 2212 εἶναι
1057 2169 1197 2223 λόγου.
1233 2170 1463 2224 τοιγαροῦν

136 2220 248 2261 πολύ
265 2221 476 2275 μάλιστα,
508 2217 565 2265 ὧν
586 2223 664 2278 ἐγώ
689 2224 788 2265 οἶδα
803 2255 814 2274 ,
843 2222 912 2266 ὅτε
937 2229 1074 2278 λέγοι,
1099 2225 1195 2271 τούς
1224 2226 1465 2271 ἀκούοντας

135 2276 448 2340 (ᾗμολοςόὗντας
481 2286 668 2334 παρεῖχε.
706 2281 789 2333 ἔφη
818 2281 862 2321 δὲ
890 2286 966 2322 καὶ
986 2279 1171 2338 Όμηρον
1193 2283 1250 2332 τῷ
1282 2282 1468 2324 Ὀδυσσεῖ

136 2336 368 2373 αναθεῖναι
385 2333 433 2374 τό
453 2337 720 2378 ΑΣΦΛΛΗ
733 2337 895 2390 ῥήτορα
914 2338 1047 2386 εἶναι,
1080 2339 1133 2383 αἶς
1154 2338 1308 2380 ἱκανόν
1332 2338 1463 2381 αὐτόν

139 2388 240 2428 ὄντα
261 2387 334 2428 §coi
355 2390 435 2431 τῶν
457 2389 690 2435 δοκούντων
708 2399 795 2439 τοῖς
818 2393 1070 2448 ἀνθρώποις
1087 2397 1243 2436 ΑΓΕῙ
1243 2397 1289 2436 Ν
1310 2395 1468 2436 ΤΟΤΣ

134 2445 387 2485 ΛΟΓΟΥΣ.
423 2445 670 2487 Plutarchus
689 2449 813 2490 Polit.
834 2451 1045 2503 Praecept.
1064 2465 1105 2504 p.
1127 2451 1221 2491 803.
1250 2451 1462 2492 Μάλιστα

136 2502 214 2555 μὲν
237 2494 311 2541 οὖν
330 2505 569 2557 ἐσκεμμένῳ
590 2505 720 2556 πειρῶ
737 2510 812 2546 καὶ
834 2505 896 2562 μή
919 2505 1099 2557 διακένῳ
1118 2506 1175 2557 τῷ
1212 2506 1320 2562 λόγῳ
1346 2507 1460 2560 χρῆ-

137 2558 247 2595 σθαι
270 2556 377 2606 πρός
400 2557 496 2603 τούς
514 2559 693 2604 πολλοὺς
715 2561 801 2616 μετ’
825 2563 1201 2606 ΛΣΦΛΛΕΙΑΣ.
1260 2562 1459 2606 Locutio-

136 2612 199 2650 nis
219 2613 371 2651 fundus
391 2611 593 2653 Homerus
611 2615 759 2667 Odyss.
787 2619 835 2668 Θ,
859 2631 950 2669 171.
1470 2642 1474 2645 ·

244 2690 298 2700 -
328 2669 352 2709 ὁ
378 2668 411 2710 «5
438 2671 782 2719 ΑΣΦΑΛΕΩΣ
804 2672 1010 2727 ἀγορεύει.
