1752 3118
306 287 421 321 cmv
653 269 751 320 DE
786 262 1247 320 ANAG-L'YPHO

288 462 463 525 Figura
509 463 815 510 exaduersum
863 463 1096 509 collocata
1131 463 1354 509 citharam
1389 480 1499 526 prae
1559 481 1608 511 se

290 530 405 591 fert,
440 531 619 576 formae
640 529 949 585 mammulae,
997 529 1346 590 elegantiorem.
1415 528 1607 593 DigitiS,

292 613 391 643 non
416 597 597 659 plectro
613 633 626 652 ,
662 595 780 641 fides
806 610 995 658 tangere
1021 595 1230 658 videtur,
1266 614 1379 661 quas
1399 597 1440 643 si
1463 596 1510 642 in
1535 597 1611 660 pi«v

292 677 426 709 ctura
439 664 607 709 frustra
631 661 895 721 desideres,
919 663 1018 709 noli
1033 663 1260 710 laborare.
1302 663 1516 710 Veterum
1541 660 1627 709 ar?

290 730 471 777 tificum
486 729 582 780 hoc
594 729 699 788 fuit,
718 729 766 775 iu
789 728 880 787 his,
905 747 1022 792 quae
1034 728 1260 776 adscititia
1279 746 1377 776 esse
1393 744 1609 794 putarent

292 811 339 844 et
363 815 387 844 a
412 797 626 860 quolibet
652 796 852 857 intelligi
877 813 1039 860 posse,
1077 796 1391 859 exprimendis
1410 813 1509 843 esse
1532 814 1610 842 ne-

292 863 610 926 gligentiores.
645 863 767 910 Nam
790 862 993 910 citharae
1011 877 1107 910 tam
1130 863 1329 926 eleganti
1345 862 1463 911 fides
1488 881 1611 943 quo-

292 947 385 995 que
407 930 606 977 intentas
627 948 725 977 esse
746 944 990 994 oportere,
1017 947 1100 993 per
1118 947 1166 975 se
1185 929 1472 992 intelligitur.
1515 928 1550 975 Γ
1555 941 1611 976 ο-’

288 1010 391 1044 tum
417 1014 619 1060 ponere,
656 996 751 1043 hoc
779 1014 925 1060 opus,
951 996 1031 1042 hic
1056 997 1189 1042 labor
1211 996 1318 1042 illis.
1372 995 1535 1042 *Hodie
1561 997 1612 1043 in

291 1064 571 1110 contrariam
594 1065 693 1109 fere
719 1075 894 1125 partem
919 1074 1115 1125 peccant
1137 1063 1345 1109 artifices.
1399 1062 1610 1126 Tempus

291 1142 452 1177 terunt
480 1130 530 1176 in
565 1129 813 1176 leuissimis
856 1128 1179 1193 additamentis
1216 1128 1459 1176 elimandis
1507 1146 1614 1192 per-

291 1195 653 1261 poliendisque‚
703 1208 747 1241 at
785 1195 948 1242 infelix
981 1195 1138 1258 operis
1175 1213 1364 1242 summa.
1433 1196 1531 1242 Sed
1560 1208 1612 1244 vt

295 1263 354 1310 ad
375 1263 572 1326 figuram
593 1275 799 1310 nostram
822 1277 1133 1320 reuertamur,
1161 1261 1487 1310 citharoedum
1510 1279 1612 1309 esse

294 1330 499 1377 clamant
521 1330 705 1388 omnia,
741 1343 871 1378 totus
894 1331 1071 1391 figurae
1092 1328 1278 1376 habitus
1305 1343 1351 1376 et
1370 1328 1613 1376 scenicum

293 1396 601 1458 choragium,
636 1398 796 1444 tunica
820 1395 879 1443 ad
904 1395 1048 1459 pedes
1077 1393 1301 1454 demissa,
1338 1396 1534 1458 pallium
1557 1412 1615 1444 ex

289 1462 504 1515 humeris
525 1464 738 1514 defluens
760 1475 805 1510 et
819 1461 881 1512 ad
893 1463 1168 1517 muliebrem
1185 1460 1466 1515 munditiem
1482 1479 1612 1509 com-

290 1531 530 1595 positum,
566 1532 749 1596 capillis
780 1531 949 1587 eomtis
972 1546 1018 1579 et
1044 1529 1337 1581 muliebriter
1362 1529 1615 1591 exornatis‚'

292 1599 468 1662 quibus
481 1600 700 1647 omnibus
714 1600 899 1651 cultum
912 1597 1282 1647 citharoedicum
1296 1597 1421 1661 apud
1432 1610 1613 1645 veteres

293 1665 553 1725 contineri,
590 1666 899 1729 quissnescit‘?
935 1664 1138 1714 Adstant
1159 1678 1269 1729 post
1285 1677 1465 1728 tergum
1492 1662 1614 1710 duae

291 1732 544 1792 mulieres,
589 1733 761 1797 pariter
803 1733 943 1781 sacris
991 1746 1234 1796 operatae,
1281 1731 1523 1794 magnifice
1567 1742 1614 1777 et

293 1799 429 1846 cultu
463 1800 558 1846 fere
593 1801 723 1864 regio
755 1814 1019 1853 exornatae.
1102 1798 1270 1845 Facem
1305 1810 1432 1844 tenet
1462 1796 1612 1861 prior,
1661 1799 1663 1801 ’

292 1879 533 1929 sceptrum
552 1867 800 1931 posterior.
870 1867 1026 1930 Prope
1043 1866 1171 1912 illam
1191 1864 1240 1910 in
1265 1878 1466 1911 extrema
1490 1882 1614 1909 mar-

291 1932 440 1981 moris
472 1951 556 1981 ora
586 1934 735 1999 tripus
771 1934 1094 1998 conspicitur,
1150 1931 1358 1987 solemne
1392 1930 1615 1978 victoriae

291 1999 342 2047 in
379 2001 633 2055 certamine
677 2002 860 2049 musico
896 2013 1158 2064 reportatae
1194 1996 1481 2062 praemium,
1535 2015 1616 2045 co·

290 2067 513 2127 lumnae,
550 2083 603 2117 vt
635 2086 741 2115 mos
767 2069 882 2130 fuit,
917 2069 963 2115 in
996 2066 1292 2131 dedi-catione
1322 2064 1613 2129 impositum.

292 2134 454 2198 Atque
486 2136 608 2183 haec
635 2134 828 2199 quidem
848 2151 1039 2192 cernere
1060 2147 1129 2180 est
1158 2132 1294 2190 etiam
1312 2132 1364 2179 'in
1390 2131 1560 2177 tabella
1586 2148 1614 2179 a

292 2201 434 2248 nobis
455 2202 505 2249 in
526 2203 680 2249 fronte
702 2202 844 2250 huius
869 2202 980 2250 libri
1002 2200 1264 2266 proposita.
1319 2197 1521 2245 Adiecta
1544 2210 1613 2245 est

292 2268 344 2315 in
377 2270 610 2316 caelatura
641 2269 917 2330 marmoris,
959 2269 1100 2333 quale
1130 2266 1356 2314 exhibent
1386 2264 1613 2327 imagines

292 2335 344 2382 in
370 2351 516 2399 opere
536 2336 989 2386 Winkelmanniano.
1021 2350 1067 2383 et
1096 2334 1264 2381 Museo
1296 2332 1611 2396 Napoleoneo

296 2418 402 2448 aere
427 2420 669 2467 expressae
684 2440 698 2462 ,
735 2404 853 2451 cella
878 2403 1041 2468 templi
1065 2401 1297 2462 columpnis
1324 2398 1489 2448 ordine
1512 2399 1613 2446 Co-

295 2468 475 2516 rinthio
506 2471 712 2530 suffulti,
746 2470 1020 2518 imbricibus
1046 2485 1092 2518 et
1125 2468 1293 2530 tegulis
1318 2479 1481 2514 mutuo
1508 2482 1609 2512 sese

296 2537 645 2601 excipientibus
673 2538 838 2585 intecti
866 2553 913 2586 et
936 2538 984 2585 in
1007 2538 1227 2602 zophoro
1271 2548 1502 2582 certamen
1530 2549 1611 2579 cud

299 2602 403 2650 rule
439 2603 714 2655 exhibentis.
781 2604 878 2652 Sed
914 2607 1096 2654 clausus
1134 2617 1179 2650 et
1220 2602 1504 2665 interceptus
1540 2611 1611 2646 est

300 2668 452 2718 aditus
484 2671 651 2737 templi
677 2672 854 2737 pariete
890 2671 1205 2738 intergerino,
1251 2687 1347 2735 quo
1382 2684 1536 2715 aream
1564 2679 1612 2713 et

253 369 258 375 .
292 394 569 442 libationem
605 395 868 460 appellant,
914 395 994 443 hic
1026 396 1212 460 peragi,
1251 394 1355 459 quis
1386 393 1609 443 dubitet?
1654 444 1659 463 ,Δ
1741 357 1752 558 i

1737 559 1752 630 ἔ

1740 634 1752 746 ἔ
