1758 3162
294 656 809 717 PRAEFATIO
864 658 1198 716 TOVPII.

206 865 700 917 LECTORI
775 867 1275 919 ERVDITO

724 1000 768 1042 S.

82 1107 406 1199 DmNstM
447 1148 749 1213 Longinum,
794 1166 938 1224 quem
975 1149 1197 1197 Cassium
1231 1164 1400 1199 vocant

81 1216 283 1266 Photius
307 1229 353 1263 et
365 1214 550 1275 Suidas,
588 1215 674 1262 tibi
694 1215 825 1277 sisto,
861 1214 927 1262 mi
947 1213 1141 1275 Lector,
1164 1232 1262 1262 non
1286 1234 1398 1280 qua-

81 1284 179 1334 lem
197 1282 357 1341 volui,
390 1281 475 1334 sed
494 1282 682 1346 qualem
707 1281 858 1348 potui
923 1279 1005 1327 Est
1027 1281 1151 1329 enim
1174 1299 1272 1330 non
1295 1300 1399 1331 mo·-

83 1351 148 1397 do
181 1350 354 1415 passim
377 1347 680 1413 depiauatus,
714 1347 797 1396 sed
822 1365 1032 1409 magnam
1056 1362 1238 1411 partem
1258 1352 1400 1397 muti·

80 1417 174 1466 lus.
241 1417 399 1475 Quare
428 1417 652 1463 meliores
679 1414 868 1462 codices
894 1413 1181 1478 expectandi.
1247 1415 1399 1472 Quod

80 1497 161 1531 ant
196 1483 285 1530 erit
317 1495 400 1529 aut
427 1499 539 1530 non.
606 1481 928 1530 Veruntamen
962 1480 1058 1528 feei
1083 1480 1216 1545 quod
1247 1483 1397 1546 potui.

79 1549 325 1602 Editiones
360 1548 599 1613 principes
633 1548 881 1601 consului:
931 1564 1128 1611 quarum
1164 1548 1398 1603 Manutiu-

79 1635 188 1664 nam
211 1616 322 1692 ipse
337 1614 590 1691 posside03
625 1613 1029 1662 Robortellianam
1055 1628 1211 1662 autem
1238 1614 1298 1662 ad
1321 1633 1398 1663 me

77 1683 207 1731 misit
233 1683 310 1729 vir
337 1681 678 1740 OrnatissimuS‚
710 1695 849 1744 atque
871 1680 1037 1736 harum
1058 1679 1295 1728 literarum
1317 1699 1397 1746 pe-

78 1749 351 1807 ritissimus,
385 1748 583 1795 Iacobus
608 1716 796 1804 Hamis,
833 1746 1204 1794 Sarisburiensis.
1266 1700 1397 1804 Qiiin

80 1832 127 1865 et
153 1815 379 1865 variantes
401 1831 564 1865 omnes
589 1813 818 1871 lectiones
835 1850 859 1879 ‚
885 1831 1000 1878 quas
1029 1829 1092 1874 ex
1101 1814 1233 1862 libris
1257 1814 1395 1862 MSS.

79 1884 369 1947 collegerant
405 1880 488 1929 viri
526 1879 723 1942 eruditi,
759 1882 808 1928 in
842 1866 1100 1928 eonciliuni
1133 1880 1393 1941 aduocaui‚

76 1949 293 2015 inprimis
339 1948 565 1996 lectiones
610 1947 859 1995 MStoinm
903 1946 1046 2004 Palis.
1089 1961 1136 1995 et
1167 1947 1400 2011 Eliensis,

80 2034 287 2080 quornm
317 2015 447 2063 hune
473 2031 569 2061 non
597 2015 660 2061 ita
686 2013 896 2091 pridem,
931 2031 1041 2064 eum
1073 2013 1396 2079 Cantabrigiae

75 2101 305 2142 versarer
339 2081 623 2145 diligenter
611 2081 816 2145 inspexi,
852 2079 980 2127 illius
1002 2094 1156 2136 autem
1178 2081 1396 2130 collatio-

76 2167 186 2196 nem
225 2148 505 2197 Vossianam
540 2146 694 2194 debeo
727 2147 1006 2195 humanitati
1034 2146 1128 2194 viri
1155 2162 1397 2212 praestan-

77 2216 268 2277 tissimi,
299 2230 344 2263 ct
369 2215 450 2279 qui
468 2214 612 2261 hasce
632 2214 841 2261 litteras
828 2232 877 2260 m
893 2212 1153 2269 Academia
1170 2213 1401 2262 Leidensi

77 2300 187 2329 cum
218 2283 415 2330 maxime
447 2294 606 2340 ornat,
660 2280 860 2331 Dauidis
891 2280 1190 2341 Ruhnkenii3
1235 2281 1318 2345 qui
1349 2295 1394 2329 et

76 2348 441 2397 Emendationes
463 2365 566 2395 suas
588 2347 637 2403 in
658 2347 931 2411 Longinum
949 2364 1136 2395 mecum
1153 2347 1394 2397 beneuole

78 2415 339 2463 admodum
374 2414 751 2463 communicauit.
802 2414 934 2470 Quin
968 2429 1014 2461 et
1042 2414 1236 2461 alteram
1265 2415 1394 2462 eius-

79 2482 188 2529 dem
199 2482 327 2530 MSti
347 2482 646 2530 collationem
658 2481 844 2528 Parisiis
865 2480 924 2528 ad
945 2498 1020 2528 me
1041 2481 1295 2529 transmisit
1307 2479 1394 2529 do-

79 2550 360 2596 ctissimuse
337 2563 382 2596 et
404 2547 774 2596 officiosissimus
795 2547 1106 2608 Larcherius,
1140 2547 1394 2596 Pearciana

80 2613 220 2675 longe
266 2615 630 2673 accuratiorem,
689 2615 823 2664 cuius
858 2631 950 2680 ope
983 2614 1260 2678 Longinum
1295 2631 1394 2661 non

79 2697 171 2729 vno
191 2684 239 2730 in
260 2683 371 2732 loco
394 2679 690 2730 restituimus,
