1752 3118
412 281 413 284 ¹
473 267 776 312 sncnou.
804 267 931 308 xxu.
977 267 1017 322 ς.
1036 282 1073 307 ι.
1314 248 1409 329 345

82 388 176 439 gino
198 387 318 434 item,
353 393 400 426 vt
421 381 669 437 philosopho
685 409 696 429 ,
732 379 892 418 adiecta
915 386 1000 419 est:
1028 393 1121 419 nam
1150 381 1202 420 de
1223 395 1398 426 numero

81 443 298 480 affectuum
336 438 571 493 philosophi
598 449 805 488 nunquam
835 441 1106 478 consentient·
1162 436 1238 474 Hic
1259 447 1433 480 autem*

83 511 177 535 cum
197 498 248 534 de
268 494 645 535 vehementioribus
667 494 829 531 παθεσι
851 497 1016 542 agatur,
1044 491 1087 529 id
1110 492 1220 543 quod
1237 495 1397 536 ὑποτύ-

83 567 218 596 πωσις
250 551 465 590 hominum
498 553 800 586 concitatorum
830 546 972 596 docet,
1010 547 1183 600 proprie
1209 547 1398 600 loquenti

81 606 183 646 haec
203 618 287 644 non
306 612 400 644 sunt
419 609 641 643 innumera»

163 664 276 716 μέσα
304 659 400 701 tarot*
432 656 774 714 παρεμβαλόντες
801 657 984 712 ἀλόγως]
1028 658 1172 711 Inepte
1198 658 1400 711 reddunt,

84 717 290 770 Quaedam
309 719 356 754 in
373 717 502 755 medio
527 724 670 754 contra
687 716 884 754 rationem
896 723 1100 767 ponentes»
1147 715 1261 754 Idem
1282 730 1399 770 παρ-

80 769 332 827 εμβαλόντες
355 770 517 823 οὶλόγως
541 778 583 809 et
618 768 869 822 παραλόγως
889 769 1139 824 ἐμβαλόντες
1148 789 1164 809 -.·
1191 773 1399 823 quomodo

73 827 243 866 locutus
265 834 324 865 est
339 827 467 865 infra:
496 825 891 867 ΠΑΡΑΛΟΓΩΣ
905 825 978 865 διοὲ
996 827 1170 881 μακροῦ
1190 825 1238 868 τό
1260 828 1402 869 πάλαι

80 880 340 936 ζητούμενον
365 887 433 923 ἐπὶ
469 885 571 923 τέλει
594 897 680 922 που
710 881 1026 933 προσαποδούς.
1083 883 1398 935 Ωιιειεᾼεεςαιῃι-

76 944 170 986 tur,
198 936 494 991 άγχιστρόφως
515 937 836 991 ἀνασπώμενοι
850 937 926 982 τοίς
949 940 1093 986 λέξεις,
1125 939 1259 977 miuus
1282 946 1399 979 recte

78 994 387 1032 administrauit
406 995 475 1033 vir
495 994 766 1032 doctissimus.
824 992 908 1032 Nos
927 995 1142 1045 pristinam
1163 994 1400 1035 distinctio-

79 1061 176 1094 nem
195 1050 496 1088 reuocauimus.
513 1048 633 1101 Πρός
652 1049 724 1098 τῆς
742 1047 928 1101 ἀγωνίας
945 1048 1270 1105 ἀνασπώμενοι.
1285 1053 1399 1103 Quo-

78 1118 318 1158 quouersum
336 1105 388 1143 ab
403 1109 532 1144 animi
545 1108 696 1158 impetu
706 1133 720 1150 ,
750 1106 857 1143 velut
876 1106 1059 1144 instabili
1075 1107 1248 1159 quodam
1266 1115 1400 1155 vento,

81 1175 189 1198 nunc
208 1160 314 1205 huo,
345 1174 454 1199 nunc
481 1162 578 1199 illuc
597 1162 755 1198 iactati.
794 1158 915 1198 Philo
939 1160 989 1198 de
1014 1161 1094 1199 Vit.
1119 1161 1243 1199 Mosis
1262 1161 1335 1201 lib.
1359 1164 1399 1204 3.

78 1213 397 1269 Ἀνθελκόμενος
431 1214 473 1254 δὲ
503 1219 578 1253 καὶ
605 1215 1131 1256 ΑΝΤῙΣΠΩΜΕ-ΝΟΣ
1158 1214 1265 1268 πρός
1296 1221 1401 1258 ἑκα-

80 1274 202 1322 τέρου
232 1273 387 1324 μέρους
414 1262 492 1310 ὦδε
523 1269 715 1318 κᾴκεῖσε,
742 1271 785 1308 τί
800 1268 888 1321 χρή
909 1269 1014 1323 δρᾷν
1034 1270 1197 1325 ἠπόρει.
1253 1274 1402 1327 Itaque

79 1335 246 1378 veraque
271 1341 319 1365 ex
343 1333 461 1380 parte
487 1326 569 1365 huc
587 1334 626 1365 et
646 1327 742 1364 illuc
770 1328 880 1364 varie
897 1327 1140 1377 distraetus,
1170 1328 1272 1381 quid
1274 1329 1402 1383 sacto

83 1396 181 1434 opus
201 1390 320 1428 esset,
360 1384 522 1420 nescire.
553 1380 588 1419 T
591 1394 751 1421 0v1³1vs.
810 1379 871 1418 De
887 1380 1049 1435 ἀλόγως
1068 1383 1171 1421 mihi
1194 1397 1308 1422 secus
1329 1386 1400 1424 vi..

79 1437 213 1476 detur.
248 1437 408 1489 Nempe
430 1435 588 1490 ἀλόγως
598 1466 612 1486 ,
640 1436 666 1475 i.
688 1450 723 1474 e.
748 1443 913 1484 temere,
944 1439 1261 1486 inconsiderate,
1279 1454 1402 1492 agere

79 1493 276 1530 dicuntur
297 1505 391 1530 cum
417 1492 515 1541 alii,
544 1499 635 1531 tum
658 1492 730 1543 qui
750 1491 989 1531 vehementi
1010 1501 1127 1533 motu
1142 1495 1272 1533 animi
1297 1509 1402 1536 con-

82 1548 198 1586 citati
225 1555 340 1596 sunt3
370 1554 492 1600 atque
514 1547 572 1586 ita
595 1545 643 1588 τό
663 1547 819 1601 ἄλογον
840 1553 903 1586 est
932 1548 976 1586 in
998 1549 1116 1601 ipsis:
1147 1551 1402 1606 παραλόγως

79 1610 238 1651 autem,
267 1603 339 1654 qui
358 1604 482 1641 aliter
501 1610 652 1656 agunt,
679 1609 799 1654 atque
819 1602 1007 1642 homines
1026 1605 1264 1645 ratiocinati
1281 1614 1401 1647 erant

78 1659 166 1696 siue
188 1658 495 1708 cogitauerant;
525 1665 567 1696 et
590 1658 769 1710 proinde
791 1657 839 1698 zo*
857 1659 1107 1714 παράλογον
1131 1667 1191 1699 est
1222 1662 1267 1700 in
1286 1663 1401 1714 istis,

80 1714 151 1764 qui
169 1712 285 1752 aliud
305 1719 659 1764 exspectauerant.
693 1713 755 1752 Ita
775 1713 1021 1769 παράλογος
1032 1723 1074 1754 et
1084 1715 1402 1770 α’προςδόκητος

78 1775 128 1807 vt
146 1781 376 1821 synonyma
404 1775 617 1820 ponuntur
647 1767 757 1821 apud
789 1769 958 1823 Dionys,
976 1771 1077 1822 Hal.
1100 1772 1149 1812 T.
1169 1773 1219 1811 ΙΙ.
1240 1787 1281 1825 p.
1310 1776 1401 1829 ¹59·

6 1840 13 1845 ·
78 1837 120 1862 v.
140 1836 188 1865 21
219 1837 248 1862 s.
306 1823 384 1862 flio
405 1824 533 1876 igitur
552 1824 738 1863 homiues
759 1824 1031 1865 vehementer
1049 1829 1285 1879 perturbati
1304 1831 1402 1869 sen-

78 1879 255 1928 tentiae,
291 1893 414 1931 quam
443 1880 591 1918 efferre
623 1887 867 1932 coeperant,
901 1891 1062 1936 praeter
1089 1887 1288 1924 rationem
1312 1886 1400 1927 siue

80 1942 222 1974 temere
244 1935 444 1987 quaedam
472 1935 768 1987 interponunt,
803 1936 897 1987 quia
919 1945 1055 1978 motus
1075 1939 1150 1977 ille
1176 1940 1401 1980 vehemens

82 2003 152 2028 eos
170 1991 432 2029 immemores
452 1990 555 2029 facit
575 1992 798 2030 verborum
810 2020 822 2040 ‚
859 2000 962 2043 quae
982 1994 1104 2032 modo
1123 1996 1403 2046 protulerant.

81 2045 176 2083 Non
205 2046 344 2096 inepte
374 2046 500 2098 igitur
522 2046 772 2098 interpretes
794 2054 963 2087 vertunt
986 2058 1129 2090 contra
1158 2053 1205 2103 (s,
1221 2052 1402 2106 praeter)

80 2106 302 2140 rationem:
329 2107 370 2139 et
388 2102 448 2139 sic
470 2102 594 2140 etiam
614 2102 752 2140 Morus
770 2109 938 2143 vertere
958 2105 1144 2146 debebat.

167 2155 367 2209 ἀστάτου]
390 2157 543 2196 Ventus
564 2157 826 2207 describitur,
856 2159 929 2211 qui
944 2161 1083 2199 omnia
1102 2161 1242 2202 reddit
1259 2163 1399 2206 ἄστα-

80 2228 148 2254 va.
205 2211 312 2263 Ergo
334 2214 523 2265 procella.
554 2212 707 2253 Monvs.
762 2213 916 2264 Miror,
946 2229 1022 2254 cur
1051 2217 1121 2255 vir
1139 2225 1224 2258 tam
1251 2228 1398 2260 acutus

80 2267 267 2318 rectique
290 2267 434 2305 iudicii
457 2269 505 2306 ad
535 2269 828 2320 metonymiam
849 2271 1056 2322 poeticam
1083 2274 1316 2327 confugerit
1334 2283 1399 2315 at-

80 2336 160 2375 que
191 2323 286 2361 inde
320 2323 567 2362 excitauerit
585 2326 828 2377 procellam;
864 2339 968 2378 quae
998 2334 1111 2367 certe
1136 2337 1241 2368 esset
1260 2331 1400 2371 lenior

79 2391 212 2430 neque
243 2382 378 2417 omnia
400 2391 576 2430 corpora
596 2380 792 2419 redderet
820 2380 998 2423 ἄστατα.
1056 2383 1318 2437 Simpliciter
1338 2394 1399 2427 est

79 2443 223 2474 ventas
239 2435 460 2482 instabilis,
494 2441 540 2473 vt
563 2434 636 2473 alii
660 2449 754 2474 cum
774 2437 810 2475 T
812 2438 914 2476 ollio
933 2445 1116 2478 vertunt.
1172 2440 1267 2480 Non
1286 2444 1398 2483 idem

80 2503 178 2528 sane
197 2497 344 2528 ventus
367 2497 427 2528 est
446 2486 498 2546 (si
512 2491 601 2541 quis
620 2491 703 2530 alio
723 2493 845 2531 modo
864 2496 1047 2545 argutari
1060 2495 1196 2551 velit),
1215 2499 1288 2536 sed
1299 2499 1398 2550 plu-

81 2559 172 2594 reS,
214 2546 284 2597 qui
308 2552 418 2593 tum,
457 2559 553 2584 cum
583 2546 690 2584 coeli
716 2549 936 2600 temperies
967 2552 1241 2590 mutationem
1266 2555 1396 2603 subit,

81 2601 191 2640 inter
208 2615 250 2639 se
272 2601 585 2650 conflictantur3
614 2613 698 2639 non
720 2602 819 2642 ssatu
837 2604 904 2641 illi
926 2618 1089 2657 semper
1112 2607 1395 2647 vehementis-

83 2658 207 2707 simo,
235 2657 307 2699 sed
336 2657 545 2696 interdum
568 2657 656 2695 leui
677 2671 754 2710 per
774 2659 887 2698 vices
909 2660 1100 2713 impulsu.
1156 2663 1297 2716 Itaque
1314 2663 1395 2712 nisi
1421 2657 1428 2663 ⁸
