1752 3118
316 295 463 328 σωκ
561 275 1098 348 DJSSERTATlo
1136 276 1459 326 csslTch

311 419 529 451 mensum
559 400 764 465 spatium
799 399 1018 461 diffusas,
1054 412 1104 447 et
1136 399 1311 448 deinde
1342 402 1449 449 solo
1475 403 1625 452 verbo

310 470 518 518 iubentis
548 468 639 516 Dei
664 469 819 515 lucem
853 483 1045 532 repente
1079 483 1136 514 ex
1162 466 1256 514 illis
1285 479 1436 515 ortam
1467 470 1624 517 animo

309 536 562 601 proponit,
606 535 646 582 is
670 548 797 582 tanta
823 534 918 581 Dei
942 534 1175 600 potentia,
1223 534 1359 581 cuius
1391 535 1626 583 rationem

307 604 604 667 modumque
627 601 834 649 humana
865 618 1001 649 mens
1023 601 1289 664 intelligere
1317 619 1413 648 non
1443 617 1626 666 potest,

307 684 356 718 et
388 684 514 717 tanta
549 676 640 732 per*
670 668 907 716 infinitum
941 669 1147 734 spatium
1169 705 1183 729 ,
1248 685 1341 731 qua
1375 670 1623 717 vniuersus

307 735 519 783 mundus
541 735 741 799 patebit,
764 736 1027 784 mutatione
1039 772 1055 794 ,
1076 749 1122 782 et
1141 752 1299 781 rerum
1318 735 1458 782 etiam
1470 773 1485 798 ,
1504 754 1627 799 quae

305 802 416 851 inde
443 803 650 850 oriturae
672 802 919 865 videntur,
953 801 1302 866 exspectatione
1332 804 1625 868 percellitur.

303 869 419 918 Non
447 886 598 934 aeque
623 887 795 934 magno
826 884 957 918 motu
984 871 1215 917 lectorem
1243 870 1454 917 concutit
1479 871 1628 919 iusiu-

304 936 506 984 randum
531 936 897 997 Demosthenis,
941 936 1075 1002 quod
1106 953 1372 1001 anonymus
1406 948 1518 985 sect.
1550 940 1625 985 16.

305 1017 499 1065 tractat,
546 1001 630 1049 sed
659 1017 816 1049 tamen
851 1004 901 1050 in
931 1003 1292 1051 admirationem
1319 1017 1366 1049 et
1394 1004 1623 1067 ἀπορίαν

305 1069 539 1133 quandam
567 1069 790 1130 coniicit,
826 1071 938 1134 quia
960 1084 1031 1118 tot
1051 1083 1099 1117 et
1118 1082 1348 1116 tantarum
1365 1087 1526 1130 rerum
1543 1089 1625 1118 co-

302 1137 530 1199 gitatione
562 1135 809 1197 obruitur,
844 1151 964 1202 quot
1002 1150 1048 1184 et
1076 1149 1271 1201 quantas
1300 1136 1442 1183 simul
1462 1137 1622 1185 animo

301 1220 470 1267 capere
491 1219 590 1250 non
611 1199 782 1268 potest.
826 1203 927 1252 Sed
945 1203 1063 1252 haec
1084 1204 1180 1251 iam
1201 1201 1459 1269 copiosius,
1482 1222 1624 1270 quam

301 1280 495 1318 necesse
518 1283 629 1317 erat.

399 1403 516 1451 Non
540 1403 786 1466 ignorabat
807 1338 998 1467 au§ctor,
1033 1403 1168 1469 quod
1187 1404 1404 1469 inprimis
1424 1404 1506 1452 hic
1526 1405 1622 1452 ani-

298 1468 694 1519 maduertendum
723 1485 819 1529 est,
862 1471 987 1519 hanc
1010 1472 1108 1520 vim
1129 1471 1444 1518 sublimitatis.
1504 1471 1618 1519 Per-

296 1535 562 1604 pendamus
587 1536 737 1586 modo
756 1538 837 1585 illa
862 1557 904 1600 1,
929 1542 973 1585 4.
1000 1538 1077 1587 Οὐ
1099 1542 1199 1602 γάρ
1219 1540 1290 1596 εἰς
1312 1539 1479 1586 πειθώ
1492 1538 1621 1599 ἄγει,

298 1603 412 1652 ἀλλ’
444 1605 516 1660 εἰς
540 1604 844 1653 ἔκστασιν
878 1607 946 1654 vc}
981 1605 1225 1669 ὑπερφυᾶ
1261 1619 1349 1653 etc.
1379 1619 1446 1665 et,
1496 1623 1618 1670 quae

294 1670 472 1737 passim
505 1669 564 1718 de
599 1671 646 1719 vi
669 1672 1005 1720 Demosthenis
1031 1671 1232 1731 iudicat,
1267 1672 1467 1720 maxime
1491 1671 1617 1720 illud

296 1743 379 1799 54,
402 1743 445 1786 4.
475 1735 804 1800 Οὐδεὶςγοῦν
831 1737 1479 1805 “Υπερίδηνα’ναγινώσκων
1508 1758 1614 1804 φο-

293 1808 548 1864 βεῖται.·
586 1823 684 1869 quo
719 1806 857 1870 plane
881 1806 1166 1866 declamauit,
1210 1807 1442 1854 lectorem
1469 1807 1616 1854 subli-
1663 1835 1665 1837 >

293 1873 450 1920 mihus
470 1873 808 1921 Demosthenis
827 1872 964 1922 dictis
984 1883 1230 1923 terrore
1250 1872 1463 1938 quodam
1481 1874 1614 1921 affici.

293 1939 407 1997 Quo
430 1939 576 2004 magis
598 1940 769 2002 miror,
805 1956 912 1988 eum
935 1939 1142 2005 φόβους
1165 1945 1218 1999 8,
1243 1957 1287 1986 2.
1312 1941 1526 1988 retulisse
1552 1940 1614 1989 ad

291 2005 444 2071 πάθη
468 2010 692 2054 ταπεινά
717 2010 814 2054 καὶ
840 2006 1085 2057 διεστῶτα
1107 2005 1290 2070 ὕψους.
1356 2007 1462 2055 Imo
1481 2008 1613 2056 illam

290 2074 434 2122 animi
468 2074 791 2136 affectionem,
839 2089 1069 2123 terrorem
1104 2074 1215 2123 dico
1243 2072 1508 2138 quendam,
1559 2075 1611 2122 in

289 2139 531 2189 tractanda
562 2138 734 2203 ὕψους
769 2143 964 2191 notione
1005 2142 1146 2190 unice
1181 2156 1368 2202 tenere,
1414 2157 1522 2203 aut,
1568 2142 1612 2190 si

291 2225 428 2257 secus
458 2207 550 2273 ipsi
577 2208 850 2268 videbatur,
887 2210 975 2258 alia
993 2214 1174 2257 ratione
1192 2223 1348 2256 certos
1369 2210 1468 2257 eius
1489 2210 1608 2257 fines

287 2291 467 2341 ponere
499 2273 717 2324 debebat.
766 2275 836 2323 Ita
867 2277 1029 2325 multis
1055 2276 1174 2324 locis
1198 2277 1492 2342 probabilius
1513 2274 1610 2323 dis-

286 2357 454 2407 putare
483 2356 529 2389 et
549 2361 590 2392 v.
614 2361 653 2391 c.
674 2358 783 2392 sect.
808 2346 850 2391 8.
870 2358 982 2392 extr.
1001 2360 1099 2390 non
1126 2343 1283 2391 solum
1307 2342 1606 2392 confidenter

286 2409 619 2475 pronuntiare,
656 2409 740 2458 sed
778 2428 834 2459 ex
864 2411 970 2477 ipsa
1000 2409 1275 2459 definitione
1303 2410 1605 2459 sublimitatis

288 2476 461 2525 docere
481 2478 736 2542 potuisset,
772 2481 831 2527 τὸ
854 2484 1095 2540 γενναῖον
1121 2477 1298 2535 πάθος
1323 2496 1425 2527 esse
1443 2496 1606 2539 μεγα-

285 2543 520 2610 λήγορον.
587 2543 684 2592 Sed
712 2546 752 2592 si
783 2545 915 2593 illam
944 2544 1093 2593 hodie
1125 2546 1325 2593 maxime
1351 2546 1603 2612 probatam

285 2611 561 2661 sententiam
590 2612 831 2676 amplexus
864 2627 1007 2674 esset,
1043 2631 1188 2677 quam
1217 2628 1264 2661 et
1289 2613 1389 2677 ipse
1414 2612 1603 2659 tenebat

286 2680 441 2728 animo
473 2678 761 2738 inuolutam,
796 2679 845 2728 in
875 2695 974 2730 tota
1001 2681 1314 2745 explicatione
1343 2679 1602 2745 argumenti

1742 2393 1752 2402 a
1745 2356 1752 2361 a
1735 2304 1752 2348 ’.μ’
1738 1920 1752 2296 Ιι..κ.ι-·.;κ-κ.ο-μ-ι-αη,ι...;
1744 1818 1752 1864 .-n
1746 1767 1752 1804 -:.
1744 1743 1752 1754 ·-
1737 1678 1752 1714 κ.,’
