1752 3118
265 233 270 242 ’
330 287 528 321 Πηηι
604 271 1139 323 DISSERTATIO
1183 275 1282 327 DE
1315 277 1510 328 VITA

906 431 1066 498 §MVI

303 600 306 602 .
420 536 545 585 Iam·
557 539 646 587 etsi
678 539 926 602 Longinus
961 537 1270 586 Ammonium
1288 573 1303 595 ‚
1362 538 1647 606 origenem,

299 602 665 671 ‘Ammoniique
700 605 1012 670 discipulum,
1071 603 1315 653 Plotinum
1349 606 1453 654 aliis
1487 611 1647 659 aetatis

318 689 434 720 suae
463 672 764 738 philosophis
797 671 1112 732 anteferebat,
1158 689 1258 720 non
1283 686 1441 721 tamen
1465 674 1647 726 idcirco

318 739 654 787 existimandus
681 753 774 800 est,
810 737 1191 814 philosophandi
1209 739 1466 801 rationem,
1502 760 1647 807 quam

318 806 396 853 illi
418 820 752 870 sequerentur,
787 824 874 871 per
897 806 1056 855 omnia
1079 807 1330 869 probasse3
1366 811 1645 872 praesertim

311 889 429 921 'cum
453 873 795 921 dissensionem
815 891 946 920 suam
972 891 997 921 a
1021 873 1182 920 multis
1198 873 1505 934 Plotinianis,
1543 892 1643 940 aut,

315 939 355 986 si
374 941 526 999 malis,
552 940 887 988 Ammonianis
907 939 1111 988 decretis
1134 955 1294 1005 aperte
1317 958 1431 1006 prae
1452 960 1502 989 se
1522 945 1643 994 ferat

308 1006 359 1053 in
395 1007 608 1071 Epistola
643 1007 703 1056 ad
738 1007 1088 1073 Poiphyrium,
1147 1026 1290 1073 quam
1324 1010 1408 1057 ille
1444 1009 1641 1061 inseruit

304 1071 496 1121 'Plotini
516 1074 653 1123 Vitae
684 1093 729 1139 p.
755 1078 862 1122 125.
894 1074 1211 1138 Longinum
1197 1090 1385 1139 1gnoret
1414 1089 1638 1140 oportet,

302 1141 393 1212 ‘qui
414 1141 534 1189 tali
522 1143 712 1207 ingenio
737 1141 972 1206 placuisse
995 1139 1158 1189 credat
1183 1140 1354 1188 duram
1373 1155 1420 1190 et
1445 1159 1638 1193 cuntot-

303 1220 404 1254 tam
423 1208 858 1274 philosofihorum,
896 1209 979 1273 qui
999 1209 1245 1256 conciliari
1264 1210 1480 1269 nollent,
1517 1229 1639 1260 con-

302 1276 621 1338 ciliationem,
670 1276 893 1323 insanum
937 1276 1183 1339 allegorici
1226 1276 1351 1323 siue
1364 1278 1634 1326 secretioris

302 1359 470 1389 sensus
491 1341 750 1407 quaerendi
770 1343 1005 1404 studium,
1043 1344 1264 1409 mysticas
1288 1341 1633 1408 disputationes

296 1410 364 1456 ‘de
391 1409 529 1469 Deo,
566 1409 840 1473 diuinisque
864 1410 1272 1470 emanationibus,
1309 1425 1358 1457 et
1380 1410 1633 1459 daemoni-

298 1475 389 1522 bus
398 1512 415 1534 ‚
454 1476 629 1540 quibus
650 1492 817 1524 omnes
835 1476 1035 1523 illorum
1054 1474 1166 1522 libri
1183 1487 1296 1529 sunt
1315 1476 1503 1539 referti,
1541 1479 1634 1526 alia

299 1540 530 1620 denique
533 1543 710 1601 multa,
754 1541 839 1589 hic
862 1558 963 1589 non
985 1541 1255 1605 attingenda
1270 1577 1285 1602 ,
1322 1543 1497 1606 quibus
1523 1559 1631 1593 tum.

293 1613 407 1658 <vera
430 1625 476 1658 et
494 1610 676 1657 sincera
689 1609 900 1658 Platonis
917 1608 1226 1674 philosophia
1244 1609 1471 1657 foedum
1458 1629 1508 1658 m
1524 1629 1630 1659 mo-

297 1676 413 1725 dum
438 1676 804 1724 adulterabatur.
871 1674 986 1723 Non
1003 1675 1084 1723 ille
1106 1691 1134 1722 e
1154 1674 1360 1723 turbidis
1381 1678 1626 1727 recentio-

296 1761 405 1792 rum
426 1744 786 1792 Platonicorum
803 1742 1054 1790 hauriebat
1072 1742 1243 1789 riuulis
1255 1779 1268 1804 ‚
1306 1742 1395 1790 sed
1413 1744 1625 1809 liquidos

292 1828 542 1876 purosque
577 1812 883 1876 antiquorum
917 1809 1361 1875 philosophorum,
1417 1812 1626 1861 maxime

286 1876 534 1939 Platonis,
569 1880 725 1926 fontes
751 1877 1095 1927 consectandos
1120 1877 1327 1942 putabat.
1399 1878 1513 1935 Quo
1538 1897 1626 1928 no-

290 1947 420 1994 mine
451 1948 764 2011 φιλαρχαῖος
793 1945 1035 1993 verissime
1058 1945 1320 2009 appellatus
1347 1959 1418 1992 est
1451 1964 1478 1992 a
1504 1946 1624 1995 Por-

289 2013 503 2081 phyrio
491 2033 541 2062 in
567 2014 679 2062 Vita
698 2013 879 2062 Plotini
911 2032 955 2078 p.
981 2016 1088 2060 116.
1111 2010 1539 2073 αναγνωσθέντος
1564 2012 1622 2062 δὲ

289 2082 434 2146 αυτῷ
469 2082 565 2130 τοῦ
600 2099 655 2129 τε
690 2085 806 2145 περὶ
842 2081 1015 2143 α’ρχῶν
1046 2080 1338 2141 Λογγίνου,
1390 2083 1487 2126 καὶ
1520 2081 1619 2127 τοῦ

291 2149 636 2213 Φιλαοχαίου.
660 2148 792 2213 quod
807 2148 1000 2195 Ficinus
1023 2151 1087 2194 ita
1106 2147 1269 2195 veitit:
1312 2150 1474 2207 Quum
1495 2149 1619 2195 libet·

285 2220 512 2273 Longini
539 2227 586 2264 et
612 2218 910 2280 Phylarchei
931 2219 994 2263 de
1013 2218 1279 2278 Principiis
1302 2218 1454 2262 lectus
1475 2224 1615 2262 esset.

284 2282 385 2330 Sed
407 2285 484 2330 cui
504 2285 583 2333 vel
600 2285 745 2331 fando
765 2283 952 2330 auditus
972 2296 1042 2330 est
1061 2281 1387 2345 philosophus
1402 2284 1617 2344 Phylar-

284 2351 473 2398 chezcs?
524 2351 695 2399 Paullo
730 2350 1008 2416 prudentius
1043 2349 1372 2414 Langbaenius
1413 2349 1464 2396 in
1500 2348 1614 2396 Vita

284 2417 521 2481 Longini,
558 2433 605 2466 et
630 2419 785 2466 Vales.
826 2418 888 2465 de
918 2417 1090 2465 Critiea
1116 2416 1155 2466 I.
1192 2435 1267 2477 17.
1300 2417 1613 2479 φιλαρχαῑος

285 2483 399 2531 libri
432 2485 639 2534 indicem
680 2504 783 2534 esse
822 2502 1044 2533 comecei
1046 2499 1147 2532 unt
1218 2482 1318 2531 Sed
1352 2482 1612 2546 Porphyrii

285 2552 433 2599 verba
467 2568 694 2618 corrupta
728 2567 837 2601 sunt
852 2591 865 2614 ‚
902 2553 1075 2616 quibus
1099 2551 1239 2599 facile
1263 2550 1331 2597 sic
1358 2549 1606 2597 medeare.

283 2617 712 2680 αναγνωσθὲντος
731 2619 788 2668 δὲ
807 2620 948 2683 αὐτῷ
972 2619 1068 2667 τοῦ
1092 2622 1209 2682 πεοὶ
1228 2616 1399 2678 οέοχῶν
1422 2615 1608 2676 Λογγί-

283 2703 401 2746 wov,
435 2688 532 2736 τοῦ
548 2690 641 2754 φιλ
630 2688 882 2755 αρχαίου.
917 2670 968 2734 id
991 2699 1084 2751 est,
1119 2704 1229 2735 cum
1247 2688 1293 2733 ei
1312 2688 1470 2750 lectus
1481 2692 1607 2731 esset
