1718 3122
234 250 316 292 416
510 246 732 295 NOTAE
777 246 859 290 AD
902 246 991 290 DE
1033 247 1286 292 SVBLIM.

229 365 315 407 lmc
341 363 502 416 egregie
530 363 632 404 facit
657 362 802 416 Cicero
826 361 954 418 Epist.
987 361 1130 404 Famil.
1152 363 1222 413 IX,
1241 365 1309 405 15.
1337 364 1558 407 Accedunt

233 436 317 461 non
342 423 506 467 Attici,
537 420 611 458 sed
639 422 823 460 salsiores
856 435 978 473 quam
1010 422 1070 460 illi
1085 423 1345 467 Atticorum,
1380 417 1582 462 Romanc‘

231 485 383 518 veteres
401 484 524 530 atque
546 475 690 514 urbani
712 477 828 515 sales»
885 475 969 522 Qui
998 477 1116 514 locus
1149 476 1194 513 in
1223 476 1371 527 primis
1401 483 1555 515 notan-

233 533 331 572 dus:
351 543 451 570 nam
469 531 522 569 ad
538 529 767 581 Longinum
783 536 974 569 nostrum
992 531 1308 583 intelligendum
1327 532 1558 583 plurimum

231 589 346 628 facit.
377 586 413 624 T
414 600 577 626 ovmvs.
632 585 870 625 Sententiae
891 585 926 624 T
928 586 1033 634 ollii,
1057 600 1160 638 quae
1181 593 1243 625 est
1266 587 1390 626 etiam
1411 586 1558 626 Ruhn-

235 643 372 691 kenii,
399 642 458 680 ‹le
478 641 594 694 prius
613 641 805 692 ponenda
835 641 1127 680 coniunctione
1155 640 1263 682 ἀλλά
1290 642 1432 681 Morus
1454 643 1558 682 haec

232 697 446 751 opposuit:
493 695 640 746 „naui
669 694 764 739 τούς
798 695 1006 740 Ἀττικούς
1037 699 1240 740 ἐκείνους-ε
1275 710 1373 736 nam
1401 698 1560 738 horum

232 759 460 794 scommata
483 758 602 790 erant
622 750 698 791 οὐκ
721 751 932 805 ἄμουσα,;
948 751 1042 792 οὐδ’
1079 751 1298 807 ἀνάγωγοι.
1355 752 1416 792 Ita
1439 754 1559 792 locus

223 809 354 849 :nulla
373 807 660 855 emendatione
681 813 783 857 eget.
794 812 819 842 ‘4
874 806 981 844 Mira
1002 821 1105 846 vero
1123 815 1185 846 est
1203 808 1314 847 haec*
1328 808 1558 848 difficulta-

232 866 289 904 tis
308 863 520 907 tollendae
539 861 670 908 ratio,
696 868 744 900 vt
768 875 874 912 quae
903 862 1153 912 grauissimis
1180 863 1225 900 in
1259 863 1364 902 locis
1392 877 1559 902 sensum

228 925 478 973 „peruertere
499 917 650 967 possit!
677 916 872 954 Grauiter
900 917 1010 954 enim
1042 918 1374 957 contendendum
1401 926 1462 958 est
1482 920 1560 958 ad·-

229 988 380 1014 versus
395 972 643 1013 sententiam
669 971 776 1020 viri,
807 972 925 1010 cuius
942 978 1125 1024 propter·
1145 972 1378 1011 doctrinam
1399 980 1440 1012 et
1459 988 1559 1013 acu-

231 1043 333 1071 :men
351 1028 532 1079 aliasque
551 1026 728 1065 virtutes
747 1025 875 1077 magis
895 1027 1091 1066 amabiles
1122 1028 1272 1066 merito
1301 1042 1448 1080 magna
1475 1030 1559 1069 fuit

234 1092 277 1124 et
296 1090 357 1124 est
376 1083 613 1126 auctoritas.
671 1081 774 1127 Mihi
794 1089 908 1121 certe
923 1096 991 1120 res
1023 1083 1193 1122 videtur
1216 1084 1322 1122 tanti
1343 1085 1558 1133 momenti,

228 1147 281 1183 ,vt
298 1138 506 1192 peculiari
516 1138 626 1176 libro
643 1138 716 1176 lex
732 1144 776 1176 et
792 1138 976 1177 formula
993 1139 1159 1190 copiose
1172 1139 1380 1191 explicari
1396 1140 1558 1189 debeat,

232 1210 288 1235 ex
312 1209 391 1247 qua
410 1194 607 1232 constitui
627 1207 707 1245 pro
731 1200 847 1232 certo
867 1193 1010 1245 possit,
1036 1194 1088 1232 ad
1108 1208 1223 1246 ,quae
1242 1196 1372 1234 verba
1392 1196 1557 1248 negatio

229 1251 461 1307 pertineat,
493 1256 536 1289 et
553 1250 598 1288 in
628 1249 774 1301 quibus
803 1263 895 1288 eam
924 1248 1016 1290 α’πό
1044 1250 1194 1291 κοινοῦ
1220 1250 1356 1302 repeti
1381 1251 1444 1291 sas
1470 1264 1557 1290 non

230 1308 299 1347 sit.
357 1305 463 1344 Nam
489 1319 512 1344 e
547 1305 709 1344 scholio
736 1304 846 1344 Mori
875 1305 999 1350 facile
1033 1312 1095 1344 est
1120 1306 1255 1357 legem
1284 1307 1459 1355 elicere,
1486 1320 1556 1345 se-

231 1363 415 1402 cundum
442 1375 565 1412 quam
585 1363 751 1413 negatio
783 1369 980 1413 commate
1009 1364 1226 1400 terminata
1257 1376 1341 1400 non
1352 1365 1559 1415 pertineat

231 1420 294 1458 ad
324 1421 536 1471 insequens
573 1431 729 1456 comma
759 1419 965 1470 particula
1003 1417 1266 1471 comparandi
1298 1421 1559 1463 insvla-tum.

230 1479 376 1525 ltaque
394 1475 525 1517 verba
543 1472 687 1525 paullo
706 1479 802 1513 ante
821 1473 988 1525 scripta,
1011 1472 1067 1517 ὥς
1091 1473 1422 1528 όΔημοσθένης,
1444 1473 1558 1512 hunc

230 1532 277 1571 in
294 1529 463 1568 modum
483 1527 732 1567 illustranda
752 1535 894 1567 erunt:
931 1528 1076 1577 „Nam
1101 1529 1226 1568 huius
1254 1529 1364 1568 ratio
1390 1535 1481 1568 erat
1506 1526 1559 1570 οὖ

230 1584 380 1628 πάντα
399 1583 490 1634 ἑξῆς
508 1582 748 1639 μονοτόνως
763 1586 907 1636 λέγειν»
921 1588 951 1608 “
1002 1584 1056 1623 Et
1077 1598 1146 1637 ep.
1176 1599 1211 1626 ι.
1244 1585 1298 1623 ad
1317 1584 1497 1624 Thessal.
1517 1586 1559 1630 4,

230 1643 274 1682 5.
304 1640 366 1696 μή
398 1645 441 1682 ἐν
466 1639 602 1680 πάθει
631 1642 892 1695 ἐπιθυμίας,
922 1638 1125 1694 καθάπερ
1155 1645 1232 1682 καὶ
1257 1639 1312 1681 τοὶ
1338 1639 1465 1689 ἔθνη,
1503 1640 1557 1678 ad

232 1696 442 1750 posterius
462 1697 564 1735 item
593 1709 754 1734 comma
773 1695 998 1734 dicendum
1018 1696 1119 1734 erit:
1144 1696 1288 1745 „Nam
1306 1696 1457 1735 horum
1475 1709 1556 1747 po-

234 1752 436 1805 pulorum
462 1765 487 1791 a
512 1751 637 1790 sacris
664 1750 821 1790 Christi
840 1751 1073 1790 alienorum
1105 1758 1196 1790 erat
1224 1749 1288 1806 μή
1316 1755 1359 1791 ἐν
1374 1766 1419 1790 π.
1437 1753 1557 1791 ἑπιθ.

236 1803 433 1861 κτᾶσθαι
453 1806 508 1848 τοὶ
534 1806 691 1847 ἑαυτῶν
720 1804 885 1855 σκεύη.“
941 1807 1065 1856 Vide,
1093 1820 1197 1859 quae
1218 1813 1415 1858 portenta
1433 1820 1554 1845 erro-

234 1877 334 1903 rum
364 1863 443 1902 ista
468 1865 540 1902 lex
567 1862 732 1914 gignere
763 1862 912 1914 possit!
965 1862 1028 1901 Ne
1061 1863 1227 1914 longior
1259 1863 1358 1910 sim,
1398 1862 1444 1901 in
1471 1862 1555 1900 hoo

184 1934 191 1947 =
234 1918 427 1970 Longini,
456 1923 823 1971 quemtractamUS‚
849 1918 944 1956 loco
969 1918 1194 1965 secundum
1213 1917 1437 1956 lectionem
1456 1917 1557 1955 '‘vul-

232 1988 370 2036 gatam
395 1974 627 2013 necessario
662 1971 757 2013 οὐδὲ
784 1973 1063 2011 communiter
1086 1972 1271 2025 pertinet
1301 1979 1344 2011 et
1366 1973 1419 2011 ad
1444 1971 1557 2013 ἀνά-

235 2053 352 2092 γωγοι
382 2037 425 2070 et
452 2030 504 2069 ad
531 2030 807 2081 posteriorem
833 2029 1106 2076 sententiam,
1134 2027 1247 2069 nato?
1274 2045 1308 2070 τ.
1327 2027 1427 2068 ’Ata
1447 2031 1556 2070 ἐκεί-

234 2108 356 2141 γους,
386 2087 483 2139 quia
507 2085 716 2137 negationi
744 2085 935 2136 opposita
956 2084 1194 2123 coniunctio
1216 2083 1326 2124 ἆλλοὲ
1346 2085 1557 2135 sequitur,

231 2163 312 2203 Pro
330 2159 432 2199 qua,
461 2143 496 2180 si
515 2142 594 2180 ista
619 2147 723 2180 esset
746 2153 849 2179 vera
870 2140 1184 2192 interpretatio,
1210 2140 1387 2192 simplex
1406 2140 1558 2192 copula

231 2209 310 2245 καὶ
332 2199 450 2253 sequi·
466 2198 656 2246 deberet,
685 2203 756 2235 aut
774 2194 977 2245 δηλονότι,
1032 2194 1086 2233 Et
1102 2195 1210 2234 hanc
1232 2195 1400 2248 quidem
1419 2195 1557 2234 ratio-

231 2274 331 2300 nem
352 2258 493 2295 firmat
521 2253 709 2305 analogia
727 2252 914 2304 plurium
935 2251 1170 2303 linguarum
1183 2281 1194 2300 ‚
1225 2258 1287 2301 et,
1314 2258 1361 2290 vt
1383 2251 1556 2302 opinor,

234 2314 432 2355 omnium.
483 2309 635 2347 Mirum
655 2319 730 2360 per
747 2321 789 2346 se
809 2313 893 2355 est,
924 2320 1133 2344 summum
1151 2307 1426 2359 interpretem
1449 2306 1555 2350 haec

233 2384 321 2411 non
337 2368 501 2408 vidisse.
549 2364 630 2402 Sed
649 2364 785 2415 ipsum
805 2362 900 2403 veri
921 2362 1105 2400 studium
1120 2391 1130 2410 ‚
1141 2397 1144 2401 ,
1157 2369 1200 2402 et
1216 2362 1397 2401 maxime
1414 2361 1556 2403 facili-2

236 2417 332 2467 tatis
363 2419 721 2473 simplicitatisque
740 2432 877 2466 amor,
907 2431 1010 2468 quae
1038 2421 1217 2456 virtutes
1238 2418 1368 2456 crisin
1389 2424 1430 2456 et
1451 2430 1554 2455 exe-

236 2481 350 2535 gesin
370 2478 491 2517 vnice
514 2475 826 2520 commendant,
856 2487 950 2512 eum
969 2473 1038 2511 hic
1055 2487 1079 2511 a
1093 2487 1196 2512 vero
1220 2473 1402 2512 abduxit.
1443 2472 1478 2509 T
1480 2485 1552 2510 ra-

235 2535 420 2576 iiciendo
438 2532 495 2581 τῷ
510 2530 583 2572 Ἀλ
594 2533 616 2570 λ
627 2529 657 2570 oc*
671 2530 752 2569 hoc
776 2529 1085 2568 incommodum
1103 2529 1259 2578 oritur,
1282 2528 1392 2580 quod
1407 2529 1452 2567 in
1468 2542 1553 2566 κα-

238 2593 294 2634 τοί
315 2609 350 2632 τ.
366 2582 466 2631 Ἆττ.
485 2590 664 2630 ἐκείνους
685 2586 803 2625 nulla
820 2586 908 2624 laus
926 2584 1099 2637 propria
1120 2585 1378 2635 relinquitur
1388 2583 1554 2634 Hyper-

237 2649 319 2700 idi,
347 2653 395 2688 vt
414 2658 520 2700 quae
542 2643 772 2684 communis
793 2640 867 2681 fiat
884 2641 1074 2697 omnium
1093 2639 1327 2680 Atticorum
1355 2638 1419 2678 sui
1444 2644 1553 2676 tem-
