1718 3122
262 263 346 304 506
514 248 521 251 “
585 228 813 304 norm
848 253 930 303 1³1)
968 251 1254 305 LoNclm
1308 304 1319 323 „

261 375 481 428 λεγόντων,
509 375 565 422 αἲξ
582 375 701 432 ἡμεῖς
720 392 763 431 γε
790 375 1141 423 ΛΠΟΔΕῙΞΙΝ
1155 378 1234 433 μὲν
1269 377 1469 435 οὐδεμίαν
1503 379 1583 423 τῶν

260 433 850 487 ἡμετέρωγῇᾺΟΓΜΑΊὮΝ
872 432 1166 488 ἐτροφέρομεν,
1198 435 1402 477 πιστεύειν
1431 437 1479 482 δὲ,
1500 435 1583 490 μό-

258 504 337 529 νον
367 493 453 532 τοῖς
478 492 846 544 μᾳιθητευομένοις
877 491 1189 545 παρεγγυῶμεν.
1221 491 1430 531 Τονιηνε.
1489 492 1585 531 hon

257 544 395 583 minus
414 543 498 582 huc
517 541 700 596 pertinet
730 545 843 583 locus
874 545 1160 597 (fhrysostomi
1180 546 1246 600 (T.
1274 558 1334 585 12.
1358 560 1398 598 p.
1420 547 1529 599 202.)
1559 562 1584 586 a

257 598 445 639 Moro'2in
467 599 776 639 Ammatha-mss.
793 601 988 640 collatus:
1028 617 1055 650 η
1087 604 1227 644 πίστις
1259 601 1347 642 τότε
1376 607 1583 654 (tempore

256 652 395 706 Pauli)
411 655 665 708 διεβαλλετο,
694 658 747 700 ὠς
768 655 1076 698 ἀναπόδεικτον
1104 658 1285 712 πρᾶγμα
1307 663 1382 697 καὶ
1413 658 1584 707 ἀπάτης

256 710 421 766 μᾶλλον
445 711 505 751 ὅν,
564 712 756 762 Ceterum
780 713 1085 764 ’,προΐστασθαί
1101 729 1213 757 τινος
1240 713 1494 769 πράγματος
1523 719 1583 751 est

256 769 420 820 exsequi
444 781 527 805 rem
566 769 766 821 aliquam,
806 768 892 806 siue
920 769 1059 806 verbis
1092 769 1172 807 hoc
1203 769 1296 818 fiat,
1334 768 1428 810 siue*
1452 770 1600 808 sactis.

255 818 415 872 Fragm.
451 822 489 869 5,
514 835 546 859 1.
586 821 659 873 Ep.
693 822 812 874 Pauli
844 822 895 860 ad
917 822 1058 865 Titum
1085 825 1124 871 3,
1151 827 1174 863 8
1196 831 1238 862 et
1266 830 1328 867 14.
1369 826 1582 865 censuisse

256 871 356 927 ergo
374 876 564 926 videtur,
594 877 774 929 quisquis
802 877 882 915 hoc
914 877 1157 930 adscripsit}
1192 870 1366 921 Paulum
1397 882 1583 933 primum

255 931 442 974 omnium
461 932 617 985 scripto
640 933 851 973 mandasse
881 932 1071 985 dogmata
1101 933 1442 975 Christianorum.

340 1042 449 1097 πρός
467 1075 475 1084 .
491 1074 499 1083 .
513 1075 522 1084 .
536 1043 685 1098 ἀναπ.]
698 1044 822 1092 Quod
831 1045 934 1085 fecit
947 1045 1017 1085 hic
1028 1053 1184 1095 noster,
1197 1054 1246 1086 vt
1259 1045 1526 1088 Timarchum
1540 1053 1582 1085 et

252 1100 410 1141 Dqum
423 1101 597 1139 Paulum
616 1101 727 1140 inter
745 1101 928 1140 Graecae
950 1102 1214 1153 eloquentiae
1234 1101 1443 1154 principes
1463 1115 1585 1140 com«

250 1162 528 1205 memoraret,
556 1156 658 1194 fecit
676 1171 753 1208 pro
784 1157 906 1196 libitu
937 1164 979 1201 et
1004 1165 1124 1209 gustu
1158 1172 1244 1197 suo.
1301 1157 1421 1204 Quod
1456 1158 1580 1197 modo

248 1211 576 1253 obseruauimus.
632 1211 787 1251 Confer
807 1214 858 1255 cl.
880 1213 915 1251 T
918 1214 1050 1264 aylor.
1069 1214 1120 1252 ad
1140 1213 1354 1252 Aeschinis
1368 1213 1403 1250 T
1406 1212 1580 1251 imarch.

249 1280 294 1319 p.
313 1268 381 1308 83.
405 1274 447 1306 et
468 1268 520 1306 cl.
543 1267 761 1309 Ruhnken.
782 1269 833 1307 ad
852 1267 979 1307 Rutil.
1013 1268 1112 1321 Lup.
1145 1283 1185 1321 p.
1220 1271 1287 1309 88.
1317 1268 1389 1308 vbi
1421 1268 1471 1306 de
1497 1267 1579 1307 hoc

248 1322 346 1362 loco
371 1330 509 1375 agunt.
574 1323 689 1375 Ande
707 1323 940 1363 Fabricium
961 1323 1066 1364 Bibl.
1092 1325 1236 1363 Graec.
1250 1325 1322 1365 lib.
1340 1324 1405 1363 lV.
1428 1338 1467 1376 p.
1482 1324 1579 1364 445.

250 1379 326 1432 qui
356 1379 407 1423 de
442 1379 619 1432 Scriptis
656 1379 829 1431 Longini
856 1380 1026 1418 omnino
1055 1380 1329 1419 consulendus
1357 1387 1429 1418 est.
1459 1379 1494 1416 T
1499 1393 1580 1418 ov·-

247 1442 359 1474 1²1vs.
415 1435 498 1474 Sed
520 1436 639 1486 longe
660 1436 928 1474 verisimilius
950 1436 1044 1482 est,'
1066 1437 1217 1485 verba,
1254 1449 1356 1486 quae
1376 1434 1492 1474 vncis
1515 1434 1581 1471 in..

246 1491 380 1540 clusi,
408 1503 494 1529 non
512 1505 599 1529 esse
631 1491 825 1542 Longini,
864 1498 912 1530 vt
940 1499 982 1531 et
1011 1497 1199 1530 statuunt
1228 1491 1497 1530 Ruhnkenius
1526 1489 1579 1528 ad

245 1545 451 1585 Rutilium
477 1562 516 1599 p.
538 1549 603 1586 88.
625 1546 766 1584 Morus
786 1547 852 1586 ¹ad
882 1547 922 1586 h.
955 1548 984 1585 1.
1021 1554 1062 1586 et
1088 1546 1388 1599 ,Wyttenbaclr
1420 1545 1465 1583 in
1492 1545 1579 1584 vita

245 1600 489 1641 Ruhnkenii
508 1617 547 1654 p.
570 1615 662 1641 220.
681 1602 865 1654 itemque
890 1603 934 1641 in
958 1602 1060 1642 Bibl.
1095 1602 1197 1641 Crit.
1231 1603 1360 1641 Amst.
1392 1601 1484 1640 Vol.
1510 1600 1578 1640 111.

243 1655 289 1694 P.
307 1657 385 1696 111.
406 1657 491 1697 Etsi
504 1659 614 1696 enim
638 1658 785 1696 Paulus
809 1659 973 1711 ingenio
995 1658 1209 1710 praeditus
1230 1652 1321 1696 e‘rat
1339 1653 1580 1705 excellenti,

245 1718 290 1750 et
310 1713 462 1764 spiritu
479 1714 671 1753 feruebat
693 1714 816 1763 plane
835 1714 1042 1762 oratorio,
1073 1727 1195 1765 quem
1225 1712 1447 1764 Longinus,
1471 1721 1576 1750 ver-4

242 1767 396 1818 borum
420 1769 545 1807 Mosis
563 1771 651 1823 (Π.
678 1770 720 1808 Y.
744 1782 781 1820 9,
802 1770 860 1821 9.)
884 1769 1126 1817 admirator,
1154 1768 1291 1820 magni
1312 1769 1450 1806 facere
1473 1781 1575 1819 pos-

241 1830 331 1872 net,
360 1819 535 1876 Propter
555 1824 756 1877 quaedam
777 1831 891 1863 certe
913 1825 1008 1863 loca
1022 1854 1033 1873 ,
1063 1830 1111 1863 vt
1130 1823 1192 1874 ep.
1221 1824 1273 1862 ad
1296 1823 1412 1862 Rom.
1436 1825 1473 1862 8.
1497 1836 1573 1860 ex·-

240 1886 295 1918 tr.
308 1910 322 1928 ,
350 1886 492 1918 tamen
512 1887 697 1919 ceterum
717 1880 835 1918 null-a
851 1880 1037 1919 excultus
1061 1886 1149 1917 erat
1165 1879 1422 1917 Graecorum
1443 1878 1572 1916 disci-

240 1937 384 1988 plina,
415 1943 457 1974 et
477 1937 645 1974 omnino
674 1936 793 1973 nulla
817 1937 982 1974 ratione
1012 1935 1057 1972 in
1080 1943 1284 1973 oratorum
1313 1934 1573 1972 Graecorum

240 1991 428 2043 catalogo
455 1992 557 2043 poni
597 1998 773 2042 poterat.
858 1991 982 2037 Quod
1023 1990 1073 2028 ad
1112 1989 1381 2028 Timarchum
1411 1990 1572 2037 attinet,

241 2048 330 2086 eius
347 2054 502 2086 nomen
526 2047 732 2099 Toupffls,
761 2052 807 2084 vt
830 2046 917 2099 ipse
946 2045 1192 2099 profitetur,
1233 2045 1277 2083 in
1312 2051 1431 2083 textu
1462 2045 1571 2082 reli-

238 2104 357 2154 quit,
394 2103 539 2154 positis
572 2102 654 2143 hoc
682 2102 829 2140 ordi-ne
861 2103 1023 2140 verbis:
1124 2101 1295 2148 Ἰσαῖος,
1331 2102 1569 2155 Τίμαρχος,

236 2157 481 2212 Ἰσοκρατης
500 2187 510 2206 ,
542 2161 825 2213 Λημοσθένης
870 2157 897 2198 ὁ
928 2160 1162 2210 Κρίθινος,
1199 2156 1420 2207 Ξενοφῶν,
1464 2155 1572 2208 πρός

237 2231 273 2263 35.
295 2222 379 2264 eto.
403 2215 483 2254 Sed
502 2214 776 2254 Timarchum
801 2222 997 2257 oratorem
1023 2227 1076 2252 ne
1108 2213 1233 2254 fando
1253 2212 1421 2265 quidem
1446 2212 1568 2251 audi-

233 2277 328 2312 tum
349 2284 436 2310 esse
460 2277 602 2309 monet
621 2270 649 2312 1.
671 2270 700 2308 1.
716 2269 1010 2318 Ruhnkenius,
1039 2269 1157 2309 cuius
1180 2282 1255 2322 ego
1274 2268 1569 2308 auctoritatem

236 2326 280 2367 h.
300 2328 328 2367 1.
347 2341 424 2380 per
441 2327 581 2368 omnia
603 2331 767 2367 secutus
789 2338 894 2367 sum.
923 2331 925 2334 ⁴

628 2466 993 2507 -FRAGM.
1050 2466 1101 2506 II.

318 2551 407 2592 Hoc
426 2553 706 2606 fragmentum
728 2552 937 2594 Boiuinius
962 2552 1006 2589 in
1032 2550 1120 2589 cod.
1152 2547 1242 2587 Par.
1263 2559 1330 2586 no.
1353 2546 1470 2598 2765.
1498 2546 1565 2584 in—

234 2615 301 2648 ter
317 2609 420 2658 alia,
445 2624 548 2662 quae
573 2609 722 2663 etipsa
755 2607 926 2662 Longini
954 2621 1040 2645 esse
1073 2605 1380 2656 suspicabatur,
1411 2603 1565 2665 inuen-

232 2664 322 2706 fum
353 2678 452 2704 cum
476 2665 671 2704 Hudsono
703 2664 1035 2703 communicauit.
1091 2661 1312 2700 Hudsonus
1346 2672 1443 2710 ergo
1471 2671 1565 2710 pri-
