1752 3118
284 265 588 324 sterion.
610 265 741 310 xxu.
768 264 807 320 ς.
832 267 871 304 4.
899 265 1047 308 xxm.
1085 267 1126 322 §-
1147 282 1185 309 α.
1297 273 1378 313 353

55 390 97 422 et
124 381 187 431 16,
209 394 246 421 2.
265 388 306 419 et
324 382 391 433 59,
413 380 451 419 3.
472 378 665 430 alibique,
682 383 729 416 vt
749 375 870 415 modo
903 377 943 431 5.
969 373 1002 416 ι’.
1038 379 1138 416 talia
1155 382 1379 432 reperiun-

53 445 137 477 tur.
194 437 255 476 Ita
282 450 360 474 nec
395 448 472 488 per
500 434 678 472 similem
712 431 859 471 ludum
883 445 947 481 20,
974 445 1007 471 1.
1042 433 1131 484 ipse
1163 443 1305 474 auctor
1327 439 1378 476 de

53 493 260 534 industria
277 492 424 543 figuras
441 490 486 527 iu
507 501 638 527 vnum
657 488 808 535 iunxit,
830 489 901 526 sed
926 494 995 528 aut
1018 501 1125 536 casu,
1150 502 1243 527 cum
1265 492 1391 546 aliud⁸

54 556 216 600 ageret,
243 554 314 586 aut
333 545 443 599 quod
458 544 535 583 illa
554 543 825 595 vndecunque
842 544 974 596 petita
991 543 1174 596 exempli
1193 544 1286 584 loco
1312 560 1379 585 es..

56 618 98 642 se
118 604 295 642 volebat.

138 668 212 709 διοὶ
240 667 288 708 τό
315 667 495 721 πλῆθος]
524 666 737 718 Intellige:
769 664 847 707 τῶν
877 665 1002 718 παροί
1019 665 1075 716 τῷ
1099 667 1382 721 Δημοσθένει.

53 724 187 764 Nemo
229 724 505 775 interpretum
534 722 579 760 id
607 723 677 760 vel
704 722 834 760 verbo
868 722 1124 774 significauit.
1200 725 1385 775 Apparet

58 786 201 818 contra
226 792 247 816 e
269 779 527 827 versionibus
547 784 589 817 et
616 791 638 816 e
659 776 813 814 notulis
840 778 1105 829 quibusdam,
1144 791 1211 817 eos
1239 780 1386 817 multi-

54 835 243 874 tudinem
261 834 601 886 hyperbatorum,
630 846 734 884 quae
758 833 866 883 apud
893 833 1116 884 scriptores
1135 834 1239 871 alios
1261 846 1386 886 quam

56 890 261 944 plurimos
282 889 576 941 reperiuntur,
602 887 869 926 intellexisse.
905 887 1098 927 Pearcius
1118 889 1296 940 quidem,
1316 890 1387 942 qui

55 945 98 999 ς.
122 945 159 982 3.
183 943 259 996 οὐχ
282 941 412 988 οὕτως
434 942 630 992 αὐθάδης
648 943 779 980 vertit
806 957 887 981 non
904 951 990 982 tam
1008 945 1152 992 creber,
1181 945 1260 983 sibi
1283 945 1387 984 haec

56 1007 266 1053 postrema
287 1001 450 1039 obstare
482 1011 567 1037 non
586 999 714 1048 vidi—t:
745 1004 785 1035 et
805 999 960 1037 mirum
988 999 1132 1046 etiam,
1161 1002 1272 1051 quod
1293 1001 1386 1038 Mo-

56 1070 128 1095 rus
149 1056 188 1094 ei
207 1062 369 1094 tantum
392 1054 438 1095 τό
459 1053 837 1107 κατακορέστατοζ
851 1061 893 1093 et
914 1053 1064 1092 Suidae
1098 1055 1389 1095 auctoritatem

57 1111 116 1206 11.λ
123 1125 179 1206 ἐξ
220 1111 432 1164 opposuit,
490 1123 577 1148 non
622 1110 724 1148 item
772 1108 853 1148 hoc
908 1109 989 1151 τῶν
1030 1110 1390 1166 παραδειγμάτων

60 1181 93 1206 π
117 1182 144 1215 η
180 1181 239 1210 ος.
840 1186 842 1188 ·
1194 1181 1196 1183 ’

502 1246 530 1285 S
558 1245 591 1286 E
625 1245 656 1284 C
686 1245 733 1285 T.
792 1245 938 1287 XXIII.

143 1327 183 1382 §.
207 1339 245 1366 2.
276 1322 357 1368 τῶν
377 1323 490 1366 κατοὲ
511 1323 607 1368 τούς
623 1323 856 1379 ἀριθμούς]
880 1325 977 1364 Non
1007 1325 1177 1366 videtur
1207 1339 1295 1365 esse
1311 1340 1391 1367 nu-

58 1383 116 1422 'da
140 1382 394 1437 periphrasis
419 1380 500 1422 τῶν
523 1379 746 1435 ἀριθμῶν,
778 1381 850 1418 sed
876 1380 1110 1433 significare
1156 1383 1194 1435 ι)
1223 1383 1392 1422 omnino

62 1455 166 1493 quae
195 1440 242 1478 de
273 1440 444 1477 numeris
475 1437 658 1475 notanda
685 1444 795 1483 sunt,
826 1435 870 1487 2)
897 1436 939 1478 h.
969 1438 996 1476 l.
1027 1452 1132 1493 quae
1161 1441 1206 1476 in
1223 1454 1297 1478 vsu
1315 1453 1393 1478 tm-

62 1509 262 1534 meroram
290 1495 348 1532 ad
373 1496 449 1532 vim
480 1501 519 1531 et
548 1494 798 1545 grauitatem
813 1492 1000 1546 faciunt.
1107 1497 1110 1499 ’

159 1560 347 1609 Αὐτίκα,
391 1563 521 1611 φησὶ,
559 1556 662 1603 λαός
699 1556 910 1613 ἀπείρων]
948 1558 1054 1611 Lego
1099 1566 1141 1599 et
1176 1559 1396 1613 distinguo,

65 1616 237 1661 Λύτίκα
272 1619 395 1667 φησὶ,
751 1638 761 1647 ι

613 1692 669 1701 --
698 1693 755 1702 --
784 1669 911 1715 Aoede
941 1669 1130 1725 ἀπείρων

179 1724 333 1776 Θῦνεν,
363 1725 426 1767 ἐπ’
453 1723 667 1775 ἠϊόνεσσιν
694 1725 728 1766 δ’
756 1726 978 1782 ἱστάμενοι
1007 1728 1255 1778 κελάδησαν.

66 1793 238 1839 Αὐτίκα
270 1801 330 1832 est
355 1794 521 1845 exempli
542 1795 694 1845 gratia.
754 1793 878 1841 Quod
900 1795 1040 1832 nescio
1063 1809 1115 1833 an
1135 1796 1295 1848 primus
1320 1795 1399 1834 ob·-

66 1851 247 1891 seruarit
275 1848 545 1902 Tanaquillus
585 1847 716 1887 Faber
755 1849 808 1887 ad
842 1848 1095 1901 Lucretium.
1164 1851 1317 1890 Confer
1348 1851 1400 1890 cl.

67 1905 298 1946 Markland.
328 1905 381 1943 ad
412 1903 575 1957 Lysiam
607 1903 725 1944 Orat.
756 1905 866 1945 XIX.
899 1912 940 1943 et
967 1906 1019 1943 cl.
1050 1906 1209 1945 Ernest.
1235 1907 1288 1944 ad
1315 1907 1401 1944 Xe—

68 1961 195 2013 noph.
229 1966 406 2003 Memor.
434 1959 501 2008 lv,
530 1971 565 2010 7.
622 1959 733 1998 Idem
764 1967 902 1999 autem
929 1959 1116 2015 ἀπείρων
1144 1969 1185 2000 et
1213 1961 1401 2012 ἄπειρος.

70 2016 277 2069 quomodo
303 2016 467 2054 locutus
499 2022 559 2053 est
587 2014 780 2067 Iosephus
810 2015 914 2054 Bell.
947 2016 1034 2056 Iud.
1056 2018 1104 2055 ΙΙ.
1137 2019 1406 2057 ΚΑΤΕΙΣΙ

72 2074 149 2128 μὲν
162 2072 443 2111 ΑΠΕῙΡΟΣ
461 2075 504 2111 ἐκ
530 2070 603 2119 τῆς
615 2071 763 2123 χώρας
775 2072 949 2111 ΛΑΟΣ
965 2076 1035 2112 ἐπὶ
1053 2071 1127 2121 τήν
1148 2075 1400 2124 θρησκείαν.

73 2128 266 2166 Ceterum
289 2139 436 2165 vocem
456 2125 598 2167 θὺνων
626 2126 714 2164 siue
746 2125 911 2167 θύννων
936 2127 986 2165 de
1018 2129 1262 2182 thynnorum
1295 2137 1401 2168 stre-

71 2186 162 2237 pitu
182 2182 343 2233 accepit
363 2182 430 2220 vir
448 2182 707 2220 doctissimus
730 2183 781 2220 ad
809 2182 1020 2222 Plutarch.
1060 2184 1109 2222 de
1142 2184 1243 2222 Sera
1277 2184 1403 2222 Num.

73 2238 255 2278 vindict.
274 2251 313 2288 p.
338 2237 401 2275 53.
420 2237 533 2289 quod
566 2243 608 2275 et
629 2244 724 2275 ante
745 2251 838 2277 eum
859 2239 1018 2278 fecerat
1049 2238 1175 2278 homo
1213 2239 1402 2278 omnium

73 2294 354 2344 Interpretum
374 2292 630 2331 futilissimus
641 2291 881 2332 Dominicus
901 2293 1182 2333 Pizimentius
1213 2294 1273 2334 lt'a
1294 2295 1406 2334 enim

74 2349 233 2388 reddit:
274 2350 422 2387 Statim
450 2351 604 2402 inquit,
629 2351 800 2402 populus
819 2352 1074 2399 infinitorum
1096 2351 1341 2404 thynnorum
1361 2353 1406 2388 in

75 2408 211 2444 arenis
250 2405 433 2456 dispositi
459 2405 743 2458 obstrepebant.
801 2405 996 2457 Respexit
1027 2413 1190 2457 autem,
1233 2406 1403 2458 opinor,

74 2467 222 2514 poeta,
256 2459 435 2511 quisquis
455 2460 555 2508 suit,
586 2460 637 2499 ad
657 2460 824 2499 Homer.
847 2460 895 2499 Il.
928 2463 984 2500 K.
1013 2462 1108 2500 524.
1255 2475 1257 2477 ·

193 2525 347 2576 Τρώων
368 2525 412 2565 δὲ
428 2524 591 2578 κλαγγή
615 2541 656 2567 τε
680 2532 755 2567 καὶ
777 2526 958 2571 ἄσπετος
981 2522 1090 2581 ὦρτο
1111 2508 1318 2582 κυδδιμός

195 2583 540 2623 ΘΥΝΟΝΤΩΝ
556 2581 710 2636 ἄμυδις
861 2606 972 2615 --
997 2608 1042 2615 -
1058 2610 1098 2616 -
1206 2583 1407 2623 ἸόνῬινε.

78 2648 213 2689 verba
231 2649 387 2691 veteris
412 2654 559 2703 poetae
575 2646 860 2703 Langbaenius
878 2649 936 2691 ita
957 2651 1240 2691 concluserat:

154 2720 155 2723 ’
1068 2718 1100 2758 Ζ
