1758 3162
342 303 443 338 vm
645 280 650 281 *
764 285 1214 339 PRAEFATIO
1445 319 1475 361 r
1512 250 1559 303 ²
1598 284 1602 288 ·

1446 362 1470 410 J

344 441 468 490 quae
490 441 546 472 ex
561 423 649 471 illo
675 423 847 473 codice
866 440 1026 473 notata
1048 441 1406 490 commemorat,
1429 412 1491 476 'ex
1506 445 1665 476 emen-

347 512 625 563 dationibus
650 513 838 562 Pcarcii
857 530 940 562 aut
961 533 987 562 e
1009 517 1224 579 margine
1249 518 1457 581 exempli
1471 518 1668 564 Vossia-

346 604 398 651 ni
417 617 582 668 petere
602 605 776 668 potuit.
823 588 1091 669 Vtcunque
1116 621 1206 665 est,
1243 607 1488 671 aliquanto
1511 608 1670 670 plura,

348 712 497 758 quam
520 693 685 743 adhuc
710 694 894 756 factum
923 701 1018 755 est,
1055 712 1112 753 ex
1134 695 1223 756 illo
1247 697 1378 760 fonte
1401 695 1464 753 ad
1487 697 1670 743 librum

346 786 409 830 H.
428 786 476 830 Y.
493 782 852 840 emendandum
873 784 1087 832 deriuari
1106 804 1247 850 posse
1269 785 1541 834 credebam.
1578 786 1671 850 Egi

349 890 463 936 ergo
499 891 611 920 cum
642 891 725 934 eo,
762 874 848 938 qui
880 876 977 922 iam
1001 877 1242 941 impensas
1266 876 1391 924 hanc
1417 877 1468 922 in
1500 876 1671 924 editio-

346 980 459 1009 nem
477 964 634 1010 facere
655 980 907 1027 coeperat,
940 969 983 1014 I.
1002 955 1067 1015 A.
1097 970 1156 1014 G.
1182 970 1261 1014 W
1256 970 1454 1028 eigelio‚
1489 966 1672 1014 littera·

344 1064 484 1099 turae
501 1053 714 1102 Graecae
738 1069 783 1103 et
803 1053 1001 1103 Latinae
1020 1056 1363 1116 amantissimo,
1399 1056 1586 1121 quique
1608 1054 1672 1103 ad

312 1139 466 1192 [haec
510 1142 666 1207 studia
701 1162 793 1209 pro
829 1145 957 1192 virili
994 1143 1245 1194 excitanda
1283 1158 1329 1192 et
1363 1144 1536 1192 alenda
1580 1163 1671 1192 nec

344 1232 530 1284 sumtui
555 1234 710 1297 parcit
731 1253 828 1283 nec
846 1235 1031 1291 labori,
1068 1249 1119 1282 vt
1136 1234 1382 1281 Lutetiam
1401 1233 1462 1281 ad
1485 1236 1669 1282 amicos

345 1339 399 1369 ea
423 1321 486 1370 de
507 1340 559 1370 re
577 1324 836 1384 scriberet,
867 1340 913 1373 et
940 1343 1088 1390 quam
1107 1323 1480 1387 diligen-tissime·
1498 1342 1564 1387 ex!
1578 1325 1670 1371 illo·

344 1411 521 1460 codice
559 1412 623 1460 ad
658 1430 774 1462 vsus
809 1430 998 1463 nostros
1035 1413 1231 1478 excerpi
1260 1413 1476 1470 iuberet,
1524 1412 1673 1478 quid-

343 1486 466 1566 quid-
488 1520 515 1548 a
536 1515 672 1550 textu
697 1503 978 1553 recentioris
995 1503 1210 1550 alicuius
1238 1501 1462 1551 editionis
1489 1501 1673 1550 discre-

340 1605 492 1655 paret.
563 1591 665 1640 Sed
685 1610 971 1656 responsum
992 1592 1084 1640 ille
1099 1592 1290 1655 accepit
1298 1627 1313 1648 ,
1349 1592 1494 1656 quale
1521 1592 1674 1639 subti-

337 1697 584 1741 mu-eram,
617 1685 830 1730 codicem
848 1685 987 1730 illam
999 1685 1280 1744 principem
1299 1684 1401 1731 iam
1422 1701 1456 1729 a
1480 1685 1670 1745 Toupio

338 1773 394 1818 in
415 1775 639 1819 editione
680 1774 946 1819 Oxoniensi
979 1773 1202 1823 subsidio«
1214 1773 1385 1832 fuisse
1419 1772 1675 1831 vocatam,

340 1862 750 1926 ideoque-‚parum
774 1864 883 1925 opis
905 1879 1065 1909 nouae
1087 1864 1203 1907 inde
1214 1863 1327 1924 peti
1341 1879 1505 1923 posse.
1560 1861 1672 1908 Hoc

346 1967 405 1997 eo
428 1952 682 2000 molestius
712 1952 835 1999 mihi
855 1953 985 2012 erat,
1027 1969 1128 2016 quo
1153 1950 1295 1997 altius
1326 1948 1570 1997 insederat
1588 1951 1675 1997 illa

345 2039 531 2104 opinio.
551 2041 613 2090 de
638 2043 926 2090 auctoritate
948 2041 1096 2088 huius
1121 2040 1334 2100 codicis,
1370 2058 1396 2088 e
1418 2057 1518 2104 quo
1549 2054 1674 2087 cete-

343 2134 425 2179 'ros
455 2148 621 2179 omnes
652 2131 924 2197 descriptos
951 2150 1051 2180 esse
1078 2130 1366 2190 credebam,
1403 2128 1525 2176 adeo
1546 2143 1596 2176 vt
1620 2128 1675 2175 hi

342 2218 471 2268 nihil
505 2221 626 2268 noui
662 2222 754 2276 nisi
792 2240 979 2272 errores
1015 2221 1327 2269 librariorum
1361 2217 1675 2283 suppeditare

342 2325 569 2374 possent,
601 2312 780 2377 mixtos
817 2313 930 2360 illos
962 2313 1161 2359 fortasse
1199 2309 1498 2358 commentis
1518 2326 1675 2372 gram·

344 2384 664 2459 mancorum,
708 2403 793 2466 qui
819 2402 997 2451 menda
1028 2401 1320 2466 scripturae,
1356 2399 1397 2445 si
1425 2417 1520 2463 qua
1556 2398 1673 2462 ipsis

345 2484 653 2549 viderentur,
690 2489 970 2540 co'niectura
994 2493 1170 2540 tollere
1194 2489 1354 2538 conati
1379 2502 1548 2543 essent„
1614 2487 1676 2534 In

347 2573 774 2641 hanceopinionem
802 2580 941 2629 ducit
964 2581 1226 2632 auctoritas
1251 2579 1510 2627 hominum
1534 2576 1675 2623 inteh

347 2663 618 2728 ligantium.
688 2668 881 2722 Namin
901 2672 1062 2722 fronte
1085 2672 1220 2720 illius
1243 2667 1502 2719 voluminis
1523 2684 1675 2714 manu
