<?xml version="1.0" encoding="UTF-8"?>
<!DOCTYPE html PUBLIC "-//W3C//DTD XHTML 1.0 Transitional//EN"
    "http://www.w3.org/TR/xhtml1/DTD/xhtml1-transitional.dtd">
<html xmlns="http://www.w3.org/1999/xhtml" xml:lang="en" lang="en">
 <head>
  <title>
</title>
<meta http-equiv="Content-Type" content="text/html;charset=utf-8" />
  <meta name='ocr-system' content='tesseract 3.04.00' />
  <meta name='ocr-capabilities' content='ocr_page ocr_carea ocr_par ocr_line ocrx_word'/>
</head>
<body>
  <div class='ocr_page' id='page_1' title='image "./dionysiilonginid00long_0029.png"; bbox 0 0 1838 3232; ppageno 0'>
   <div class='ocr_carea' id='block_1_1' title="bbox 532 291 1404 367">
    <p class='ocr_par' dir='ltr' id='par_1_1' title="bbox 532 291 1404 367">
     <span class='ocr_line' id='line_1_1' title="bbox 532 291 1404 367; baseline 0.006 -24"><span class='ocrx_word' id='word_1_1' title='bbox 532 291 939 363; x_wconf 61' lang='lat' dir='ltr'>Enl‘roffls,</span> <span class='ocrx_word' id='word_1_2' title='bbox 1292 314 1404 367; x_wconf 16' lang='lat' dir='ltr'>xxv-</span> 
     </span>
    </p>
   </div>
   <div class='ocr_carea' id='block_1_2' title="bbox 61 431 1399 502">
    <p class='ocr_par' dir='ltr' id='par_1_2' title="bbox 61 431 1399 502">
     <span class='ocr_line' id='line_1_2' title="bbox 61 431 1399 502; baseline 0 -20"><span class='ocrx_word' id='word_1_3' title='bbox 61 433 332 482; x_wconf 78' lang='lat' dir='ltr'>-tenuerim.</span> <span class='ocrx_word' id='word_1_4' title='bbox 380 431 674 481; x_wconf 74' lang='lat' dir='ltr'>Lectori&#39;bus</span> <span class='ocrx_word' id='word_1_5' title='bbox 705 433 841 483; x_wconf 86' lang='lat' dir='ltr'>enim·</span> <span class='ocrx_word' id='word_1_6' title='bbox 857 450 950 482; x_wconf 73' lang='lat' dir='ltr'>me..</span> <span class='ocrx_word' id='word_1_7' title='bbox 964 440 1248 502; x_wconf 77' lang='lat' dir='ltr'>excusatum</span> <span class='ocrx_word' id='word_1_8' title='bbox 1270 434 1399 483; x_wconf 80' lang='lat' dir='ltr'>vol&#39;o.</span> 
     </span>
    </p>
   </div>
   <div class='ocr_carea' id='block_1_3' title="bbox 80 523 1400 589">
    <p class='ocr_par' dir='ltr' id='par_1_3' title="bbox 80 523 1400 589">
     <span class='ocr_line' id='line_1_3' title="bbox 80 523 1400 589; baseline -0.001 -17"><span class='ocrx_word' id='word_1_9' title='bbox 80 523 193 572; x_wconf 90' lang='lat' dir='ltr'>Non</span> <span class='ocrx_word' id='word_1_10' title='bbox 216 524 309 572; x_wconf 82' lang='lat' dir='ltr'>iam</span> <span class='ocrx_word' id='word_1_11' title='bbox 330 523 450 570; x_wconf 81' lang='lat' dir='ltr'>mihi</span> <span class='ocrx_word' id='word_1_12' title='bbox 473 538 666 588; x_wconf 89' lang='lat' dir='ltr'>tempus</span> <span class='ocrx_word' id='word_1_13' title='bbox 687 525 912 586; x_wconf 83' lang='lat' dir='ltr'>relictum</span> <span class='ocrx_word' id='word_1_14' title='bbox 935 538 1035 572; x_wconf 81' lang='lat' dir='ltr'>erat</span> <span class='ocrx_word' id='word_1_15' title='bbox 1055 525 1215 572; x_wconf 84' lang='lat' dir='ltr'>omnia</span> <span class='ocrx_word' id='word_1_16' title='bbox 1237 524 1400 589; x_wconf 75' lang='lat' dir='ltr'>perlu-</span> 
     </span>
    </p>
   </div>
   <div class='ocr_carea' id='block_1_4' title="bbox 80 613 1400 679">
    <p class='ocr_par' dir='ltr' id='par_1_4' title="bbox 80 613 1400 679">
     <span class='ocr_line' id='line_1_4' title="bbox 80 613 1400 679; baseline 0.002 -20"><span class='ocrx_word' id='word_1_17' title='bbox 80 613 264 661; x_wconf 86' lang='lat' dir='ltr'>strandi</span> <span class='ocrx_word' id='word_1_18' title='bbox 278 650 292 674; x_wconf 84' lang='lat'>,</span> <span class='ocrx_word' id='word_1_19' title='bbox 312 628 361 662; x_wconf 86' lang='lat' dir='ltr'>vt</span> <span class='ocrx_word' id='word_1_20' title='bbox 382 614 481 672; x_wconf 81' lang='lat' dir='ltr'>hoe</span> <span class='ocrx_word' id='word_1_21' title='bbox 500 614 885 679; x_wconf 71' lang='lat' dir='ltr'>nomen‘vhique</span> <span class='ocrx_word' id='word_1_22' title='bbox 904 631 1260 679; x_wconf 82' lang='lat' dir='ltr'>expungerem:</span> <span class='ocrx_word' id='word_1_23' title='bbox 1287 621 1400 662; x_wconf 84' lang='lat' dir='ltr'>nam</span> 
     </span>
    </p>
   </div>
   <div class='ocr_carea' id='block_1_5' title="bbox 64 703 1400 768">
    <p class='ocr_par' dir='ltr' id='par_1_5' title="bbox 64 703 1400 768">
     <span class='ocr_line' id='line_1_5' title="bbox 64 703 1400 768; baseline 0.002 -17"><span class='ocrx_word' id='word_1_24' title='bbox 64 722 259 768; x_wconf 79' lang='lat' dir='ltr'>operae</span> <span class='ocrx_word' id='word_1_25' title='bbox 279 704 518 753; x_wconf 81' lang='lat' dir='ltr'>instabant</span> <span class='ocrx_word' id='word_1_26' title='bbox 542 722 632 752; x_wconf 88' lang='lat' dir='ltr'>nec</span> <span class='ocrx_word' id='word_1_27' title='bbox 651 703 757 753; x_wconf 89' lang='lat' dir='ltr'>sine</span> <span class='ocrx_word' id='word_1_28' title='bbox 779 704 1051 752; x_wconf 84' lang='lat' dir='ltr'>multorum</span> <span class='ocrx_word' id='word_1_29' title='bbox 1082 703 1400 754; x_wconf 83' lang='lat' dir='ltr'>incommodo</span> 
     </span>
    </p>
   </div>
   <div class='ocr_carea' id='block_1_6' title="bbox 82 794 1407 1041">
    <p class='ocr_par' dir='ltr' id='par_1_6' title="bbox 82 794 1407 1041">
     <span class='ocr_line' id='line_1_6' title="bbox 86 794 1403 860; baseline 0.002 -20"><span class='ocrx_word' id='word_1_30' title='bbox 86 813 113 841; x_wconf 80' lang='lat' dir='ltr'>a</span> <span class='ocrx_word' id='word_1_31' title='bbox 140 794 306 842; x_wconf 87' lang='lat' dir='ltr'>labore</span> <span class='ocrx_word' id='word_1_32' title='bbox 333 809 756 860; x_wconf 81' lang='lat' dir='ltr'>coepto‚poterant</span> <span class='ocrx_word' id='word_1_33' title='bbox 774 796 982 844; x_wconf 84' lang='lat' dir='ltr'>auocari.</span> <span class='ocrx_word' id='word_1_34' title='bbox 1032 794 1135 844; x_wconf 86' lang='lat' dir='ltr'>Sed</span> <span class='ocrx_word' id='word_1_35' title='bbox 1159 796 1212 843; x_wconf 89' lang='lat' dir='ltr'>in</span> <span class='ocrx_word' id='word_1_36' title='bbox 1230 794 1403 844; x_wconf 85' lang='lat' dir='ltr'>disser-</span> 
     </span>
     <span class='ocr_line' id='line_1_7' title="bbox 82 884 1406 952; baseline 0.004 -23"><span class='ocrx_word' id='word_1_37' title='bbox 82 884 260 946; x_wconf 75' lang='lat' dir='ltr'>tatione</span> <span class='ocrx_word' id='word_1_38' title='bbox 299 884 464 933; x_wconf 83' lang='lat' dir='ltr'>critica</span> <span class='ocrx_word' id='word_1_39' title='bbox 497 899 544 932; x_wconf 88' lang='lat' dir='ltr'>et</span> <span class='ocrx_word' id='word_1_40' title='bbox 568 885 620 931; x_wconf 89' lang='lat' dir='ltr'>in</span> <span class='ocrx_word' id='word_1_41' title='bbox 646 885 843 947; x_wconf 84' lang='lat' dir='ltr'>ceteris,</span> <span class='ocrx_word' id='word_1_42' title='bbox 893 904 1020 952; x_wconf 83' lang='lat' dir='ltr'>quae</span> <span class='ocrx_word' id='word_1_43' title='bbox 1049 900 1163 951; x_wconf 83' lang='lat' dir='ltr'>post</span> <span class='ocrx_word' id='word_1_44' title='bbox 1189 884 1406 934; x_wconf 88' lang='lat' dir='ltr'>animad-</span> 
     </span>
     <span class='ocr_line' id='line_1_8' title="bbox 82 973 1407 1041; baseline 0.003 -22"><span class='ocrx_word' id='word_1_45' title='bbox 82 974 325 1022; x_wconf 84' lang='lat' dir='ltr'>versiones</span> <span class='ocrx_word' id='word_1_46' title='bbox 345 975 472 1041; x_wconf 66' lang='lat' dir='ltr'>typis</span> <span class='ocrx_word' id='word_1_47' title='bbox 491 973 764 1024; x_wconf 87' lang='lat' dir='ltr'>mandanda</span> <span class='ocrx_word' id='word_1_48' title='bbox 782 991 940 1034; x_wconf 87' lang='lat' dir='ltr'>eraut,</span> <span class='ocrx_word' id='word_1_49' title='bbox 973 976 1185 1041; x_wconf 77' lang='lat' dir='ltr'>Longini</span> <span class='ocrx_word' id='word_1_50' title='bbox 1206 975 1407 1024; x_wconf 84' lang='lat' dir='ltr'>nomine</span> 
     </span>
    </p>
   </div>
   <div class='ocr_carea' id='block_1_7' title="bbox 83 1065 1304 1131">
    <p class='ocr_par' dir='ltr' id='par_1_7' title="bbox 83 1065 1304 1131">
     <span class='ocr_line' id='line_1_9' title="bbox 83 1065 1304 1131; baseline 0.002 -21"><span class='ocrx_word' id='word_1_51' title='bbox 83 1065 274 1112; x_wconf 84' lang='lat' dir='ltr'>sublato</span> <span class='ocrx_word' id='word_1_52' title='bbox 297 1083 537 1127; x_wconf 83' lang='lat' dir='ltr'>errorem,</span> <span class='ocrx_word' id='word_1_53' title='bbox 573 1066 662 1131; x_wconf 88' lang='lat' dir='ltr'>qui</span> <span class='ocrx_word' id='word_1_54' title='bbox 683 1065 812 1114; x_wconf 87' lang='lat' dir='ltr'>mihi·</span> <span class='ocrx_word' id='word_1_55' title='bbox 830 1066 1057 1128; x_wconf 83' lang='lat' dir='ltr'>videtur,</span> <span class='ocrx_word' id='word_1_56' title='bbox 1097 1067 1304 1116; x_wconf 80' lang='lat' dir='ltr'>correxi.</span> 
     </span>
    </p>
   </div>
   <div class='ocr_carea' id='block_1_8' title="bbox 86 1188 1417 1618">
    <p class='ocr_par' dir='ltr' id='par_1_8' title="bbox 86 1188 1417 1618">
     <span class='ocr_line' id='line_1_10' title="bbox 182 1188 1412 1256; baseline 0.002 -17"><span class='ocrx_word' id='word_1_57' title='bbox 182 1192 264 1239; x_wconf 89' lang='lat' dir='ltr'>Ad</span> <span class='ocrx_word' id='word_1_58' title='bbox 285 1188 650 1256; x_wconf 80' lang='lat' dir='ltr'>locupletandas</span> <span class='ocrx_word' id='word_1_59' title='bbox 670 1189 939 1238; x_wconf 83' lang='lat' dir='ltr'>animadvv.</span> <span class='ocrx_word' id='word_1_60' title='bbox 964 1191 1151 1240; x_wconf 86' lang='lat' dir='ltr'>criticas</span> <span class='ocrx_word' id='word_1_61' title='bbox 1172 1193 1412 1241; x_wconf 87' lang='lat' dir='ltr'>curiosius</span> 
     </span>
     <span class='ocr_line' id='line_1_11' title="bbox 86 1266 1414 1347; baseline 0.001 -17"><span class='ocrx_word' id='word_1_62' title='bbox 86 1266 282 1330; x_wconf 83' lang='lat' dir='ltr'>fortasse</span> <span class='ocrx_word' id='word_1_63' title='bbox 305 1283 574 1347; x_wconf 86' lang='lat' dir='ltr'>potuissem</span> <span class='ocrx_word' id='word_1_64' title='bbox 595 1280 771 1346; x_wconf 72' lang='lat' dir='ltr'>exquin</span> <span class='ocrx_word' id='word_1_65' title='bbox 775 1299 856 1329; x_wconf 88' lang='lat' dir='ltr'>ere</span> <span class='ocrx_word' id='word_1_66' title='bbox 875 1282 1174 1330; x_wconf 82' lang='lat' dir='ltr'>coniecturas</span> <span class='ocrx_word' id='word_1_67' title='bbox 1193 1267 1414 1332; x_wconf 75' lang='lat' dir='ltr'>vitorum</span> 
     </span>
     <span class='ocr_line' id='line_1_12' title="bbox 89 1368 1414 1438; baseline 0 -17"><span class='ocrx_word' id='word_1_68' title='bbox 89 1369 397 1421; x_wconf 81' lang='lat' dir='ltr'>doctorum&#39;</span> <span class='ocrx_word' id='word_1_69' title='bbox 377 1392 429 1420; x_wconf 90' lang='grc' dir='ltr'>ιιι</span> <span class='ocrx_word' id='word_1_70' title='bbox 456 1371 599 1421; x_wconf 85' lang='lat' dir='ltr'>variis</span> <span class='ocrx_word' id='word_1_71' title='bbox 627 1372 817 1438; x_wconf 81' lang='lat' dir='ltr'>scriptis</span> <span class='ocrx_word' id='word_1_72' title='bbox 843 1371 1022 1436; x_wconf 86' lang='lat' dir='ltr'>passim</span> <span class='ocrx_word' id='word_1_73' title='bbox 1049 1374 1288 1438; x_wconf 85' lang='lat' dir='ltr'>prolatas:</span> <span class='ocrx_word' id='word_1_74' title='bbox 1325 1368 1414 1421; x_wconf 88' lang='lat' dir='ltr'>sed</span> 
     </span>
     <span class='ocr_line' id='line_1_13' title="bbox 89 1455 1414 1530; baseline 0.001 -19"><span class='ocrx_word' id='word_1_75' title='bbox 89 1462 330 1530; x_wconf 85' lang='lat' dir='ltr'>quaedam</span> <span class='ocrx_word' id='word_1_76' title='bbox 364 1455 522 1522; x_wconf 64' lang='lat' dir='ltr'>huius⁴</span> <span class='ocrx_word' id='word_1_77' title='bbox 551 1463 741 1527; x_wconf 84' lang='lat' dir='ltr'>generis</span> <span class='ocrx_word' id='word_1_78' title='bbox 774 1479 854 1510; x_wconf 86' lang='lat' dir='ltr'>me</span> <span class='ocrx_word' id='word_1_79' title='bbox 902 1462 1119 1512; x_wconf 87' lang='lat' dir='ltr'>omisisse</span> <span class='ocrx_word' id='word_1_80' title='bbox 1156 1465 1414 1528; x_wconf 83' lang='lat' dir='ltr'>consulto,</span> 
     </span>
     <span class='ocr_line' id='line_1_14' title="bbox 90 1543 1417 1618; baseline 0 -15"><span class='ocrx_word' id='word_1_81' title='bbox 90 1557 180 1604; x_wconf 85' lang='lat' dir='ltr'>alia</span> <span class='ocrx_word' id='word_1_82' title='bbox 218 1553 360 1603; x_wconf 85' lang='lat' dir='ltr'>etiam</span> <span class='ocrx_word' id='word_1_83' title='bbox 396 1554 668 1617; x_wconf 83' lang='lat' dir='ltr'>ignorasse,</span> <span class='ocrx_word' id='word_1_84' title='bbox 702 1551 896 1600; x_wconf 86' lang='lat' dir='ltr'>iudices</span> <span class='ocrx_word' id='word_1_85' title='bbox 926 1554 1073 1618; x_wconf 83' lang='lat' dir='ltr'>aequi</span> <span class='ocrx_word' id='word_1_86' title='bbox 1105 1554 1248 1602; x_wconf 84' lang='lat' dir='ltr'>facile</span> <span class='ocrx_word' id='word_1_87' title='bbox 1271 1543 1417 1618; x_wconf 85' lang='lat' dir='ltr'>igno-</span> 
     </span>
    </p>
   </div>
   <div class='ocr_carea' id='block_1_9' title="bbox 90 1642 1420 1704">
    <p class='ocr_par' dir='ltr' id='par_1_9' title="bbox 90 1642 1420 1704">
     <span class='ocr_line' id='line_1_15' title="bbox 90 1642 1420 1704; baseline 0.002 -14"><span class='ocrx_word' id='word_1_88' title='bbox 90 1660 240 1693; x_wconf 90' lang='lat' dir='ltr'>scent.</span> <span class='ocrx_word' id='word_1_89' title='bbox 312 1642 394 1690; x_wconf 83' lang='lat' dir='ltr'>Sic</span> <span class='ocrx_word' id='word_1_90' title='bbox 421 1644 502 1691; x_wconf 87' lang='lat' dir='ltr'><em>W</em></span> <span class='ocrx_word' id='word_1_91' title='bbox 495 1642 741 1704; x_wconf 67' lang='lat' dir='ltr'>cikefie&#39;ldii</span> <span class='ocrx_word' id='word_1_92' title='bbox 767 1642 957 1689; x_wconf 89' lang='lat' dir='ltr'>nullam</span> <span class='ocrx_word' id='word_1_93' title='bbox 992 1643 1193 1691; x_wconf 85' lang='lat' dir='ltr'>fortasse</span> <span class='ocrx_word' id='word_1_94' title='bbox 1214 1644 1420 1692; x_wconf 86' lang='lat' dir='ltr'>mentio-</span> 
     </span>
    </p>
   </div>
   <div class='ocr_carea' id='block_1_10' title="bbox 90 1730 1422 1798">
    <p class='ocr_par' dir='ltr' id='par_1_10' title="bbox 90 1730 1422 1798">
     <span class='ocr_line' id='line_1_16' title="bbox 90 1730 1422 1798; baseline 0.001 -18"><span class='ocrx_word' id='word_1_95' title='bbox 90 1750 201 1780; x_wconf 86' lang='lat' dir='ltr'>nem</span> <span class='ocrx_word' id='word_1_96' title='bbox 236 1731 485 1794; x_wconf 84' lang='lat' dir='ltr'>fecissem,</span> <span class='ocrx_word' id='word_1_97' title='bbox 521 1732 615 1779; x_wconf 90' lang='lat' dir='ltr'>nisi</span> <span class='ocrx_word' id='word_1_98' title='bbox 647 1746 873 1798; x_wconf 83' lang='lat' dir='ltr'>excerpta</span> <span class='ocrx_word' id='word_1_99' title='bbox 908 1748 934 1779; x_wconf 87' lang='lat' dir='ltr'>e</span> <span class='ocrx_word' id='word_1_100' title='bbox 972 1730 1124 1779; x_wconf 85' lang='lat' dir='ltr'>Siluis</span> <span class='ocrx_word' id='word_1_101' title='bbox 1161 1731 1263 1780; x_wconf 88' lang='lat' dir='ltr'>eius</span> <span class='ocrx_word' id='word_1_102' title='bbox 1297 1734 1422 1781; x_wconf 71' lang='lat' dir='ltr'>critt:</span> 
     </span>
    </p>
   </div>
   <div class='ocr_carea' id='block_1_11' title="bbox 90 1819 1463 2428">
    <p class='ocr_par' dir='ltr' id='par_1_11' title="bbox 90 1819 1463 2428">
     <span class='ocr_line' id='line_1_17' title="bbox 90 1819 1421 1888; baseline -0.001 -16"><span class='ocrx_word' id='word_1_103' title='bbox 90 1822 212 1872; x_wconf 82' lang='lat' dir='ltr'>mihi</span> <span class='ocrx_word' id='word_1_104' title='bbox 248 1819 604 1888; x_wconf 87' lang='lat' dir='ltr'>suppeditasset</span> <span class='ocrx_word' id='word_1_105' title='bbox 636 1821 841 1870; x_wconf 77' lang='lat' dir='ltr'>instituti</span> <span class='ocrx_word' id='word_1_106' title='bbox 877 1820 973 1869; x_wconf 89' lang='lat' dir='ltr'>mei</span> <span class='ocrx_word' id='word_1_107' title='bbox 1007 1822 1193 1879; x_wconf 84' lang='lat' dir='ltr'>fautor,</span> <span class='ocrx_word' id='word_1_108' title='bbox 1250 1824 1310 1871; x_wconf 81' lang='lat' dir='ltr'>G.</span> <span class='ocrx_word' id='word_1_109' title='bbox 1345 1827 1421 1872; x_wconf 84' lang='lat' dir='ltr'>H.</span> 
     </span>
     <span class='ocr_line' id='line_1_18' title="bbox 92 1911 1423 1976; baseline -0.001 -14"><span class='ocrx_word' id='word_1_110' title='bbox 92 1916 347 1976; x_wconf 72' lang='lat' dir='ltr'>Soleaefer,</span> <span class='ocrx_word' id='word_1_111' title='bbox 384 1911 456 1959; x_wconf 82' lang='lat' dir='ltr'>vir</span> <span class='ocrx_word' id='word_1_112' title='bbox 483 1911 630 1960; x_wconf 88' lang='lat' dir='ltr'>laude</span> <span class='ocrx_word' id='word_1_113' title='bbox 657 1927 762 1959; x_wconf 88' lang='lat' dir='ltr'>mea</span> <span class='ocrx_word' id='word_1_114' title='bbox 786 1928 885 1959; x_wconf 91' lang='lat' dir='ltr'>non</span> <span class='ocrx_word' id='word_1_115' title='bbox 916 1912 1190 1961; x_wconf 87' lang='lat' dir='ltr'>ornandus:</span> <span class='ocrx_word' id='word_1_116' title='bbox 1240 1913 1319 1960; x_wconf 88' lang='lat' dir='ltr'>cui</span> <span class='ocrx_word' id='word_1_117' title='bbox 1343 1931 1423 1962; x_wconf 86' lang='lat' dir='ltr'>me</span> 
     </span>
     <span class='ocr_line' id='line_1_19' title="bbox 97 1996 1463 2069; baseline -0.001 -18"><span class='ocrx_word' id='word_1_118' title='bbox 97 2022 211 2069; x_wconf 83' lang='lat' dir='ltr'>cum</span> <span class='ocrx_word' id='word_1_119' title='bbox 237 2002 329 2050; x_wconf 85' lang='lat' dir='ltr'>alia</span> <span class='ocrx_word' id='word_1_120' title='bbox 351 1996 558 2062; x_wconf 83' lang='lat' dir='ltr'>debere,</span> <span class='ocrx_word' id='word_1_121' title='bbox 594 2016 699 2049; x_wconf 88' lang='lat' dir='ltr'>tum</span> <span class='ocrx_word' id='word_1_122' title='bbox 716 2000 802 2049; x_wconf 89' lang='lat' dir='ltr'>illa</span> <span class='ocrx_word' id='word_1_123' title='bbox 817 2000 1030 2049; x_wconf 78' lang='lat' dir='ltr'>Arnaldi</span> <span class='ocrx_word' id='word_1_124' title='bbox 1056 2005 1146 2062; x_wconf 83' lang='lat'>28,</span> <span class='ocrx_word' id='word_1_125' title='bbox 1176 2020 1215 2050; x_wconf 86' lang='lat'>1.</span> <span class='ocrx_word' id='word_1_126' title='bbox 1243 2018 1289 2051; x_wconf 87' lang='lat' dir='ltr'>et</span> <span class='ocrx_word' id='word_1_127' title='bbox 1301 2002 1426 2051; x_wconf 68' lang='lat' dir='ltr'>Har«</span> <span class='ocrx_word' id='word_1_128' title='bbox 1461 2030 1463 2034; x_wconf 86' lang='lat'><em>.</em></span> 
     </span>
     <span class='ocr_line' id='line_1_20' title="bbox 98 2091 1428 2157; baseline 0 -15"><span class='ocrx_word' id='word_1_129' title='bbox 98 2093 255 2143; x_wconf 84' lang='lat' dir='ltr'>dionis</span> <span class='ocrx_word' id='word_1_130' title='bbox 279 2097 342 2142; x_wconf 87' lang='grc'>55</span> <span class='ocrx_word' id='word_1_131' title='bbox 357 2130 370 2155; x_wconf 80' lang='lat'><strong><em>,</em></strong></span> <span class='ocrx_word' id='word_1_132' title='bbox 393 2096 435 2141; x_wconf 86' lang='lat'>4.</span> <span class='ocrx_word' id='word_1_133' title='bbox 458 2106 591 2157; x_wconf 71' lang='lat' dir='ltr'>grato</span> <span class='ocrx_word' id='word_1_134' title='bbox 614 2091 778 2139; x_wconf 87' lang='lat' dir='ltr'>animo</span> <span class='ocrx_word' id='word_1_135' title='bbox 802 2092 1056 2157; x_wconf 84' lang='lat' dir='ltr'>profiteor.</span> <span class='ocrx_word' id='word_1_136' title='bbox 1096 2091 1249 2149; x_wconf 89' lang='lat' dir='ltr'>Quod</span> <span class='ocrx_word' id='word_1_137' title='bbox 1273 2092 1428 2156; x_wconf 71' lang='lat' dir='ltr'>idem‚‘</span> 
     </span>
     <span class='ocr_line' id='line_1_21' title="bbox 101 2171 1427 2250; baseline -0.002 -18"><span class='ocrx_word' id='word_1_138' title='bbox 101 2203 213 2233; x_wconf 91' lang='lat' dir='ltr'>cum</span> <span class='ocrx_word' id='word_1_139' title='bbox 236 2185 426 2250; x_wconf 75' lang='lat' dir='ltr'>potiora</span> <span class='ocrx_word' id='word_1_140' title='bbox 445 2171 610 2248; x_wconf 64' lang='lat' dir='ltr'>Posset</span> <span class='ocrx_word' id='word_1_141' title='bbox 630 2196 833 2230; x_wconf 81' lang='lat' dir='ltr'>tractare</span> <span class='ocrx_word' id='word_1_142' title='bbox 847 2219 860 2245; x_wconf 89' lang='lat'>,</span> <span class='ocrx_word' id='word_1_143' title='bbox 896 2180 990 2246; x_wconf 84' lang='lat' dir='ltr'>ipsi</span> <span class='ocrx_word' id='word_1_144' title='bbox 1020 2194 1149 2229; x_wconf 79' lang='lat' dir='ltr'>certe</span> <span class='ocrx_word' id='word_1_145' title='bbox 1169 2180 1321 2244; x_wconf 79' lang='lat' dir='ltr'>magis</span> <span class='ocrx_word' id='word_1_146' title='bbox 1342 2181 1427 2230; x_wconf 90' lang='lat' dir='ltr'>iu—</span> 
     </span>
     <span class='ocr_line' id='line_1_22' title="bbox 101 2270 1431 2336; baseline -0.002 -15"><span class='ocrx_word' id='word_1_147' title='bbox 101 2273 264 2323; x_wconf 83' lang='lat' dir='ltr'>cunda</span> <span class='ocrx_word' id='word_1_148' title='bbox 293 2289 340 2322; x_wconf 84' lang='lat' dir='ltr'>et</span> <span class='ocrx_word' id='word_1_149' title='bbox 367 2275 639 2335; x_wconf 80' lang='lat' dir='ltr'>fructuosa,</span> <span class='ocrx_word' id='word_1_150' title='bbox 678 2272 892 2334; x_wconf 77' lang='lat' dir='ltr'>curauit,</span> <span class='ocrx_word' id='word_1_151' title='bbox 926 2287 978 2321; x_wconf 86' lang='lat' dir='ltr'>vt</span> <span class='ocrx_word' id='word_1_152' title='bbox 1004 2270 1104 2319; x_wconf 88' lang='lat' dir='ltr'>hoc</span> <span class='ocrx_word' id='word_1_153' title='bbox 1129 2288 1254 2336; x_wconf 91' lang='lat' dir='ltr'>opus</span> <span class='ocrx_word' id='word_1_154' title='bbox 1278 2284 1431 2336; x_wconf 87' lang='lat' dir='ltr'>quam</span> 
     </span>
     <span class='ocr_line' id='line_1_23' title="bbox 103 2359 1431 2428; baseline -0.003 -17"><span class='ocrx_word' id='word_1_155' title='bbox 103 2362 551 2413; x_wconf 78' lang='lat' dir='ltr'>emendatissimum</span> <span class='ocrx_word' id='word_1_156' title='bbox 586 2362 831 2428; x_wconf 85' lang='lat' dir='ltr'>prodiret,</span> <span class='ocrx_word' id='word_1_157' title='bbox 867 2361 920 2410; x_wconf 91' lang='lat' dir='ltr'>id</span> <span class='ocrx_word' id='word_1_158' title='bbox 954 2379 1056 2410; x_wconf 88' lang='lat' dir='ltr'>non</span> <span class='ocrx_word' id='word_1_159' title='bbox 1090 2359 1242 2423; x_wconf 83' lang='lat' dir='ltr'>magis</span> <span class='ocrx_word' id='word_1_160' title='bbox 1280 2360 1401 2409; x_wconf 84' lang='lat' dir='ltr'>mihi</span> <span class='ocrx_word' id='word_1_161' title='bbox 1412 2398 1431 2427; x_wconf 57' lang='lat'><em>2</em></span> 
     </span>
    </p>
   </div>
   <div class='ocr_carea' id='block_1_12' title="bbox 104 2448 1270 2526">
    <p class='ocr_par' dir='ltr' id='par_1_12' title="bbox 104 2448 1270 2526">
     <span class='ocr_line' id='line_1_24' title="bbox 104 2448 1270 2526; baseline -0.003 -23"><span class='ocrx_word' id='word_1_162' title='bbox 104 2472 251 2522; x_wconf 87' lang='lat' dir='ltr'>quam</span> <span class='ocrx_word' id='word_1_163' title='bbox 273 2453 462 2502; x_wconf 85' lang='lat' dir='ltr'>eunctis</span> <span class='ocrx_word' id='word_1_164' title='bbox 479 2453 745 2526; x_wconf 77' lang='lat' dir='ltr'>lectoribus</span> <span class='ocrx_word' id='word_1_165' title='bbox 766 2467 954 2518; x_wconf 78' lang='lat' dir='ltr'>gratum</span> <span class='ocrx_word' id='word_1_166' title='bbox 982 2469 1083 2501; x_wconf 86' lang='lat' dir='ltr'>esse</span> <span class='ocrx_word' id='word_1_167' title='bbox 1113 2448 1270 2499; x_wconf 89' lang='lat' dir='ltr'>debet.</span> 
     </span>
    </p>
   </div>
   <div class='ocr_carea' id='block_1_13' title="bbox 203 2577 1436 2639">
    <p class='ocr_par' dir='ltr' id='par_1_13' title="bbox 203 2577 1436 2639">
     <span class='ocr_line' id='line_1_25' title="bbox 203 2577 1436 2639; baseline -0.002 -10"><span class='ocrx_word' id='word_1_168' title='bbox 203 2581 294 2629; x_wconf 87' lang='lat' dir='ltr'>Vti</span> <span class='ocrx_word' id='word_1_169' title='bbox 318 2580 380 2629; x_wconf 87' lang='lat' dir='ltr'>ad</span> <span class='ocrx_word' id='word_1_170' title='bbox 403 2579 765 2631; x_wconf 88' lang='lat' dir='ltr'>emendandum</span> <span class='ocrx_word' id='word_1_171' title='bbox 784 2600 834 2630; x_wconf 85' lang='grc' dir='ltr'>π.</span> <span class='ocrx_word' id='word_1_172' title='bbox 851 2580 898 2630; x_wconf 85' lang='lat' dir='ltr'>v‘.</span> <span class='ocrx_word' id='word_1_173' title='bbox 917 2580 1102 2639; x_wconf 86' lang='lat' dir='ltr'>librum</span> <span class='ocrx_word' id='word_1_174' title='bbox 1120 2578 1299 2628; x_wconf 79' lang='lat' dir='ltr'>criticis</span> <span class='ocrx_word' id='word_1_175' title='bbox 1316 2577 1436 2638; x_wconf 54' lang='lat' dir='ltr'>sub&lt;</span> 
     </span>
    </p>
   </div>
   <div class='ocr_carea' id='block_1_14' title="bbox 109 2668 1433 2738">
    <p class='ocr_par' dir='ltr' id='par_1_14' title="bbox 109 2668 1433 2738">
     <span class='ocr_line' id='line_1_26' title="bbox 109 2668 1433 2738; baseline 0.002 -19"><span class='ocrx_word' id='word_1_176' title='bbox 109 2670 246 2720; x_wconf 78' lang='lat' dir='ltr'>sidiis</span> <span class='ocrx_word' id='word_1_177' title='bbox 271 2672 535 2723; x_wconf 74' lang='lat' dir='ltr'>instructus</span> <span class='ocrx_word' id='word_1_178' title='bbox 558 2672 631 2722; x_wconf 82' lang='lat' dir='ltr'>fui</span> <span class='ocrx_word' id='word_1_179' title='bbox 660 2672 927 2738; x_wconf 75' lang='lat' dir='ltr'>luculentis</span> <span class='ocrx_word' id='word_1_180' title='bbox 936 2708 955 2735; x_wconf 91' lang='lat'><em>,</em></span> <span class='ocrx_word' id='word_1_181' title='bbox 991 2671 1064 2728; x_wconf 47' lang='lat' dir='ltr'>sic,</span> <span class='ocrx_word' id='word_1_182' title='bbox 1095 2669 1160 2720; x_wconf 86' lang='lat' dir='ltr'>ad.</span> <span class='ocrx_word' id='word_1_183' title='bbox 1187 2668 1433 2737; x_wconf 46' lang='lat' dir='ltr'>explicans</span> 
     </span>
    </p>
   </div>
  </div>
 </body>
</html>
