1718 3122
565 274 642 315 AD
674 275 846 319 sEcT.
875 279 983 320 xm.
1302 278 1305 281 ’
1354 289 1437 330 643

105 387 249 427 ctare?
299 386 369 426 Sic
401 386 431 437 ἦ
458 386 665 439 ,παροῦσα
695 387 921 437 ὑπόθεσις,
971 400 1280 444 argumentum,
1319 402 1432 451 quod

100 443 184 481 iam
205 450 419 491 tractatur,
434 442 659 490 XXXVIII,
685 456 718 481 1.
732 443 752 480 ’Β
782 446 841 481 An
861 446 942 484 Ιιαε
961 454 1109 493 aetate,
1141 464 1220 499 qua
1238 453 1430 496 rhetores

98 497 283 537 infinitas
303 498 454 550 figuras
476 499 702 537 commenti
723 500 960 539 nominibus
981 507 1261 545 notauerunt?
1291 509 1428 552 Probo

99 554 319 605 posterius.
575 572 579 575 ·
1128 590 1130 592 -

156 609 259 648 XVI.
303 608 340 662 5.
366 621 400 647 1.
436 607 562 661 ὀλίγα
581 609 686 659 τῶν,
715 604 824 663 ὅσα]
862 609 1043 650 Bastius:
1072 612 1193 661 „Hoc
1214 616 1295 658 τῶν
1313 629 1428 662 recte

97 663 242 711 habet,
269 663 342 702 sed
361 664 539 703 aliorum
562 679 722 718 quoque
747 666 1003 717 scriptorum
1030 668 1210 709 editores
1242 674 1429 716 offendit.

100 721 239 759 conon
262 732 298 756 c.
327 733 361 759 1.
385 720 537 764 Μίδας
556 721 599 761 δὲ
618 720 798 765 πολλοὺς
820 722 926 773 ἔχων
946 722 1294 776 ἀπαγγελλοντας
1313 731 1429 783 αὐτῷ’

95 773 174 822 τοὶ,
222 770 303 814 ὅσα
337 775 492 827 ἐλέγετό
514 790 556 816 τε
582 781 657 817 καὶ
685 777 907 829 &novit-teto
932 781 1022 823 τοῖς
1050 780 1270 829 ὑπηκόοις.
1295 799 1330 826 c.
1354 789 1430 828 45.

92 823 265 884 ’,ιῖἧῖἐὶι
286 828 388 870 ἄλλο
401 832 498 879 τῶν,
528 827 613 872 ὅσα
633 833 757 885 κῆρες
767 832 998 886 ἅνθρωποι
1011 838 1168 890 νεκρῶν
1185 842 1317 891 αἴσχη
1341 848 1429 894 (125..-

93 899 271 938 ρουσιν.4
308 883 452 924 Kanne
483 887 535 925 ad
566 888 753 939 priorem
780 888 922 928 locum
948 902 991 942 p.
1016 891 1083 930 65.
1117 891 1425 939 haec'scribit:

93 940 181 991 „ta'
203 938 286 982 ὅσα
305 942 376 981 vel
396 948 602 981 mutarem
618 943 786 984 ἰητόσα
795 973 808 991 ,
836 945 908 984 vel
931 946 1093 986 abiecto
1113 947 1166 988 τοὶ
1193 951 1424 995 retinerem

93 992 177 1036 ὅσα
186 1027 200 1045 ,
235 1010 328 1036 cum
346 997 420 1036 illa
441 998 643 1050 loquendi
663 1000 770 1038 ratio
789 999 878 1038 sine
897 997 1102 1053 exemplis
1120 1004 1174 1042 sit
1190 1008 1299 1058 apud
1319 1011 1424 1050 alios

90 1053 338 1104 scriptores,
376 1055 391 1107 (
406 1059 449 1091 at
467 1066 551 1091 non
573 1061 690 1093 caret
709 1054 909 1106 exemplis
917 1055 947 1107 ,)
983 1058 1062 1095 nisi
1079 1071 1193 1100 narr.
1213 1062 1278 1100 45.
1300 1064 1423 1117 legis-

88 1121 199 1146 sem:
229 1108 340 1162 μηδέ
360 1123 399 1148 τι
421 1108 523 1149 ἄλλο
545 1109 647 1158 τῶν,
677 1105 761 1150 ὅσα
785 1111 906 1162 κῆρες
927 1118 1007 1150 etc.
1021 1140 1031 1160 ‚
1066 1115 1134 1153 vbi
1155 1129 1244 1155 eam
1262 1131 1314 1157 ex
1335 1134 1421 1160 vno

90 1164 280 1201 alteroue
302 1163 466 1202 librarii
487 1165 608 1216 culpa
626 1172 767 1204 natam
786 1179 871 1204 esse
891 1167 1063 1218 cogitari
1081 1170 1225 1221 nequit
1237 1201 1248 1221 ‚
1278 1176 1350 1213 sed
1369 1178 1420 1216 ab

88 1217 179 1269 ipso
210 1219 282 1257 vel
303 1218 473 1257 Conone
491 1221 562 1258 vel
586 1219 734 1260 Photio
759 1222 907 1260 venire
936 1230 1116 1274 oportet.
1130 1231 1157 1251 “
1181 1228 1299 1269 Plato
1318 1230 1421 1270 Phi-

87 1273 174 1313 leb.
198 1273 293 1327 (IV.
314 1288 357 1326 p.
382 1287 476 1326 229.
498 1274 614 1328 Bip.)
633 1275 741 1316 α’λλά
761 1291 875 1321 τινος
895 1278 1153 1333 πλεύμονος,
1183 1283 1211 1330 ἦ
1231 1286 1310 1325 τῶν
1331 1284 1420 1328 ὅσα

86 1328 305 1369 θαλάττια
333 1329 418 1385 μετ’
439 1330 637 1384 ὀστρείων
668 1333 848 1387 ἔμψυχά
879 1337 966 1374 ἐστι
995 1335 1229 1389 σωμάτων,”
1253 1339 1281 1379 i.
1312 1345 1348 1380 e.
1371 1350 1420 1382 vt

88 1383 349 1424 casaubonus
383 1386 435 1425 ad
458 1387 716 1427 Athenaeum
747 1392 823 1438 111,
853 1402 888 1427 c.
909 1389 974 1429 51.
999 1392 1148 1430 vertit:
1178 1402 1247 1434 aut
1269 1409 1420 1439 eorum

87 1441 369 1490 marinorum,
398 1456 503 1494 quae
533 1443 577 1481 in
600 1445 790 1483 testaceis
822 1446 1068 1497 corporibus
1099 1456 1193 1488 sunt
1221 1452 1417 1493 animata.

85 1495 206 1534 Adde
227 1497 521 1537 amicissimum
538 1498 750 1539 Schaefer.
771 1499 824 1540 ad
842 1499 888 1539 L.
906 1499 986 1539 Bos
1002 1515 1044 1553 p.
1061 1503 1155 1553 372.
1169 1511 1198 1530 “
1294 1544 1298 1548 Α

144 1551 248 1592 XVI.
288 1552 326 1607 5.
362 1568 400 1594 2.
448 1552 521 1596 τόν
544 1555 658 1596 nocta*
688 1555 769 1596 τῶν
797 1555 1026 1610 ἀριστέων]
1063 1557 1240 1599 Bastius:
1282 1591 1305 1611 ,,
1316 1563 1418 1606 cod.

83 1606 161 1648 τόν
182 1608 262 1649 τῶν
279 1609 348 1662 α’ρ.
372 1610 505 1662 Toup.
527 1611 741 1663 interponi
762 1612 876 1652 iubet
896 1612 1021 1653 κατά.
1061 1614 1123 1653 Cf.
1144 1629 1279 1657 meam
1302 1621 1419 1660 lettre

19 1694 24 1704 .
90 1667 264 1717 critique
281 1679 319 1716 p.
340 1665 406 1714 67.
424 1679 512 1718 sqq.
525 1672 548 1692 “

143 1719 248 1758 XVI.
299 1717 335 1777 5.
356 1733 396 1760 2.
434 1721 516 1760 Pro
537 1721 588 1763 οὐ
610 1721 677 1779 μα’
698 1723 795 1769 τούς
815 1728 860 1765 ἐν
884 1727 1074 1778 Maeote.
1096 1740 1169 1780 πρ.
1192 1727 1416 1781 legendum

82 1773 198 1814 haud
217 1775 340 1814 dubie
359 1775 426 1832 μοὶ
450 1777 548 1822 τούς
566 1785 645 1818 etc.
687 1779 740 1833 Et
756 1781 815 1818 sic
834 1781 965 1829 XVII,
986 1794 1025 1821 2.
1232 1815 1234 1817 -

141 1830 241 1870 XVI.
287 1831 325 1885 §
338 1844 377 1872 2.
406 1833 630 1887 παιώνιον]
657 1834 727 1874 Sic
738 1835 774 1874 T
777 1835 922 1888 oupius
940 1843 983 1875 et
994 1836 1147 1877 Morus.
1177 1839 1258 1878 Sed
1272 1840 1414 1881 nescio

83 1886 187 1938 quid
216 1887 551 1927 terminationem
587 1903 672 1928 non
708 1891 837 1943 tetigi.
891 1891 1193 1933 Reuocauerim
1222 1896 1416 1946 equidem

82 1940 317 1982 παιώνειον
329 1971 341 1991 ,
378 1943 491 1994 quod
515 1945 636 1983 codd.
663 1958 757 1983 mss.
774 1951 817 1985 et
835 1947 1045 1997 prioribus
1067 1948 1182 1988 editt.
1201 1951 1414 2003 plerisque

82 1998 272 2035 omnibus
313 2000 650 2047 commendatur,
686 2001 878 2053 quodque
916 2015 994 2053 per
1028 2015 1072 2041 se
1111 2006 1267 2044 rectius
1295 2014 1413 2058 putu.

80 2051 260 2092 Manutii
279 2053 343 2091 ed.
363 2054 448 2092 iam
466 2067 551 2092 non
568 2055 770 2095 habebam
787 2057 839 2096 ad
854 2070 1010 2096 manus.
1039 2057 1121 2097 Sed
1138 2060 1207 2111 qui
1227 2055 1323 2100 eum
1345 2075 1413 2101 se·-

81 2116 286 2159 quuntur‚
312 2108 453 2158 Petra,
481 2109 784 2163 Langbaenius‚
809 2111 965 2162 Faber,
996 2113 1159 2153 'sollius
1181 2122 1228 2155 et
1241 2116 1413 2158 Hudson

79 2163 315 2205 παιώνειόν
332 2179 429 2206 τινα
448 2166 680 2206 ediderunt.
1311 2178 1313 2181 ⁴

137 2219 239 2258 XVI.
288 2220 326 2274 5.
347 2221 386 2260 3.
424 2220 490 2275 μοὶ
508 2220 584 2270 τήν
604 2225 754 2278 Μαρ.]
791 2222 968 2265 Bastiae:
1007 2225 1102 2275 „De
1116 2228 1264 2268 omissa
1282 2243 1413 2282 prae-

78 2275 286 2327 positione
316 2280 359 2316 ἐν
379 2290 418 2315 v.
441 2275 651 2318 Schaefer.
678 2280 731 2318 ad
750 2279 888 2319 Lamb.
911 2281 989 2320 Bos
1018 2297 1057 2335 p.
1076 2283 1190 2334 698„
1221 2286 1411 2325 Wernsa.
1439 2284 1443 2291 '

80 2330 135 2368 ad
157 2331 261 2370 Him.
291 2346 331 2383 p.
363 2332 430 2374 58.
456 2332 605 2372 Reiske
633 2335 685 2373 ad
713 2334 932 2375 Libanium
951 2336 1017 2377 lv.
1048 2352 1091 2390 p,
1120 2340 1212 2392 399.
1245 2341 1410 2380 scribit:
1441 2340 1446 2349 '

79 2385 247 2435 „Recte
267 2387 391 2426 habet
405 2388 662 2442 Μαραθῶνι
681 2391 770 2430 sine
791 2396 860 2443 ἐνς
886 2393 1046 2433 inutilis
1077 2400 1118 2434 et
1144 2409 1275 2448 praua
1300 2397 1407 2435 adeo
1448 2412 1450 2415 >

83 2447 145 2479 est
164 2442 333 2481 Morelli
357 2445 609 2484 coniectura.
621 2451 649 2470 “
658 2451 681 2473 “

138 2497 242 2537 XVI.
282 2498 319 2551 §.
334 2499 371 2537 3.
388 2499 519 2543 ,οὐδὲν
533 2499 612 2541 ἔστ’
628 2506 668 2543 εἰ
683 2501 745 2558 μή
767 2499 876 2558 ὅρκ.]
905 2503 1090 2545 Restitue
1111 2505 1246 2555 ePar.,
1263 2506 1411 2546 Ambr:

82 2558 124 2590 et
146 2553 249 2591 Rob.
283 2553 368 2594 οὐδ.
390 2554 456 2596 ἔτ’
474 2562 512 2596 εἰ
527 2555 589 2611 μή
609 2553 700 2611 ὅρκ.
721 2560 749 2599 i.
774 2574 809 2601 e.
825 2561 931 2600 nihil
952 2562 1125 2614 amplius
1146 2576 1178 2601 s.
1197 2562 1305 2600 nihil
1323 2562 1408 2600 iam

83 2614 144 2645 est
165 2609 246 2647 nisi
263 2610 356 2650 iusi.
406 2611 469 2650 Cf.
488 2612 687 2654 Addenda
704 2615 756 2654 ad
773 2617 844 2663 111,
869 2630 904 2656 1.
923 2617 973 2658 οὐ
996 2618 1203 2671 τραγικόν
1224 2618 1307 2664 ἔτι,
1337 2618 1407 2655 vbi

80 2671 201 2715 pater
213 2678 327 2706 meus
342 2675 499 2719 monet,
529 2667 743 2712 Pearcium
754 2684 838 2713 non
852 2679 966 2713 recte
981 2675 1152 2712 suasisse
1165 2675 1261 2715 ἐστί.
1274 2673 1333 2712 W.
1351 2671 1408 2711 fil.

954 2729 981 2767 S
996 2744 1013 2767 s
1043 2742 1067 2768 2
