1758 3162
1113 207 1121 233 l

352 308 443 344 xv1
798 284 1242 338 PRAEFATIO

350 424 517 493 primis
542 422 728 471 duabus
756 422 1189 474 editionibus'tam'
1204 420 1416 471 studiese
1438 425 1674 476 lectiones

353 516 564 565 diuersas
587 512 880 576 collegerim.
1220 514 1223 517 χ
1383 512 1387 516 ’
1458 515 1460 517 ’

450 605 548 654 Iam
578 621 693 652 vero
729 616 777 651 vt
797 601 989 666 planius
1018 602 1254 668 ratio‘uem
1289 602 1438 650 totius
1470 602 1674 654 instituti

353 697 449 746 mei
469 694 747 756 laborisque
769 692 948 757 peracti
969 692 1195 755 reddam,
1222 686 1431 757 primum
1447 692 1678 758 subsidia,

355 803 479 852 quae
505 784 682 845 habui,
718 782 882 830 critica
912 782 1154 830 iudicabo.
1223 781 1357 831 Haec
1385 783 1507 830 mihi
1532 784 1680 831 conti-

355 890 552 940 gerunt,
588 873 835 937 Weigelio
861 873 1068 922 maxime
1094 882 1289 937 agente,
1323 874 1432 920 satis
1458 873 1683 922 luculen-

354 981 414 1015 ta.
459 965 624 1012 Primo
652 962 776 1011 enim
799 963 987 1029 scripsit
1016 962 1077 1010 ad
1104 963 1346 1024 Bastium,
1382 982 1580 1028 rogans,
1615 979 1678 1021 vt,

354 1056 395 1103 si
419 1074 515 1120 qua
538 1054 739 1101 haberet
761 1071 786 1101 e
808 1052 1062 1103 codicibus
1081 1053 1291 1118 Longini
1308 1053 1537 1102 Parisinis
1558 1073 1681 1103 non-

356 1144 475 1192 dum
498 1145 556 1191 ab
579 1143 682 1191 aliis
703 1142 912 1208 prolata,
945 1161 998 1191 ea
1013 1143 1531 1207 beneuolenobiscum
1553 1161 1683 1191 com-

354 1234 630 1284 municaret.
700 1232 919 1296 Deinde,
957 1250 1078 1298 quos
1104 1233 1160 1280 iu'
1186 1232 1527 1294 Italia'habet‚
1564 1233 1683 1279 ami—

357 1341 438 1371 cos
472 1323 648 1373 iisdem
686 1322 1102 1390 precibusadiit3
1162 1342 1322 1388 neque
1363 1325 1551 1371 frustra.
1622 1323 1683 1370 Et

356 1411 545 1461 Bastius
577 1402 803 1479 quidem,
843 1413 931 1461 etsi
962 1413 1109 1461 nullis
1134 1414 1219 1460 ille
1239 1414 1463 1462 inuitatus
1485 1413 1682 1461 emolu·-

356 1501 560 1558 mentis,
604 1515 748 1562 quam
774 1497 1062 1561 liberaliter,
1117 1502 1169 1548 iu
1196 1502 1380 1566 magnis
1411 1502 1685 1566 grauiorum

357 1606 518 1638 rerum
541 1588 963 1654 occupationibUS,
1001 1604 1089 1635 nos
1113 1588 1337 1649 iuuerit„
1351 1610 1408 1639 ex
1425 1591 1685 1640 Addendis

357 1693 405 1726 et
427 1678 591 1728 ,Variis
624 1678 947 1729 Lectionibus
972 1692 1215 1743 vtcunque
1238 1678 1416 1744 poterit
1442 1681 1683 1742 cognosci.

359 1770 450 1818 Cui
482 1770 523 1817 si
556 1784 788 1830 vacasset,
826 1782 981 1817 totum
1006 1769 1186 1817 librum
1208 1772 1271 1816 Π.
1296 1771 1370 1826 Y„
1404 1781 1454 1816 vt
1471 1755 1583 1833 ‘ipse
1603 1787 1687 1817 re-

358 1860 575 1926 scripsit,
619 1859 784 1909 denuo
814 1859 1113 1925 perlegisset,
1161 1859 1337 1906 collato
1373 1873 1561 1909 vetusto
1598 1859 1684 1908 illo

359 1949 555 2012 codice,
593 1968 796 2016 suasque
817 1950 962 2002 ,nobis
984 1950 1192 1998 misisset
1214 1949 1655 1999 animaduersiones
1670 1986 1686 2014 ,

358 2041 483 2088 sicut
506 2040 639 2088 illam
668 2041 797 2088 misit
829 2054 998 2090 notatu
1026 2038 1246 2102 dignam,
1294 2059 1435 2106 quam
1473 2041 1690 2088 subieci-

359 2148 464 2178 mus
500 2130 821 2178 dissertationi
853 2128 1130 2178 Ruhnkenii
1165 2132 1226 2176 de
1259 2132 1364 2178 vita
1409 2140 1457 2178 et
1490 2134 1688 2194 scriptis

359 2223 583 2283 Longini
615 2222 652 2285 ᾗ.
674 2221 736 2269 Χ.
758 2233 804 2269 et
831 2219 1125 2284 copiosiores
1150 2219 1281 2281 illas,
1317 2237 1432 2285 quas
1453 2238 1559 2268 sero
1589 2239 1690 2268 no-

362 2308 436 2355 bis
475 2309 684 2358 redditas
716 2311 766 2358 in
799 2307 1281 2358 Addendis'demum
1316 2328 1498 2375 ponere
1532 2311 1689 2358 coacti

362 2397 551 2446 fuimus.
586 2399 721 2447 Fecit
739 2399 882 2463 igitur
905 2399 1011 2463 ille,
1049 2414 1280 2465 quantum
1300 2401 1485 2466 potuit,
1516 2402 1689 2448 nobis-

364 2504 461 2551 que
489 2506 588 2536 non
613 2491 761 2553 magis
783 2490 1028 2539 voluntate
1055 2510 1195 2556 quam
1229 2510 1280 2539 re
1311 2491 1546 2540 satisfecit.
1615 2490 1689 2537 Ex

364 2575 693 2643 Italia;primo
727 2581 896 2647 accepi
925 2583 1158 2633 lectiones
1197 2581 1404 2643 codicis,
1450 2581 1532 2645 qui
1566 2580 1691 2629 Flo-

364 2668 542 2717 r'entiae
564 2685 847 2737 asseruatur,
871 2689 985 2722 cura
998 2673 1089 2724 viri
1111 2673 1389 2735 doctissimi,
1401 2674 1509 2721 Del
1513 2673 1688 2730 Furia,
