1718 3122
277 255 360 306 544
608 256 841 307 NOTAE'·
866 264 950 307 AD
974 263 1262 307 =LONG1N1

277 395 318 420 κ.
331 378 380 420 τό
395 381 484 422 ἔνθ.
493 377 716 426 διανοιαις
735 381 845 423 εἶναι
863 381 1218 436 ἐκτετελεσμένας;
1235 385 1307 419 aut
1317 377 1391 420 ἅτε
1406 377 1479 428 τῆς
1490 395 1527 419 κ.
1543 379 1592 420 τό

276 438 364 476 ἔνθ.
383 435 578 482 διανοίας
597 452 721 487 ουσης
739 437 929 482 ὁπωςοῦν
946 439 1283 491 ἐκτετελεσμένης.
1321 435 1404 474 Sed
1424 436 1593 474 veriora

277 492 464 532 fortassis
483 506 506 531 e
527 493 643 532 codd.
666 494 947 545 proferentur.
1029 503 1032 506 ’

359 546 479 602 §.14.
495 544 599 588 Όσα
633 548 677 589 δὲ
704 548 907 604 σχήματα
929 550 1022 603 εἴα]
1051 549 1168 589 Hanc
1200 556 1430 588 extremam
1460 546 1593 598 parti-

274 603 413 641 culam
426 603 557 643 etiam
566 604 728 658 priores
744 605 924 643 editores
942 605 1040 643 inde
1053 604 1107 644 ab
1121 605 1338 644 Hudsono
1328 618 1372 642 m
1382 603 1604 653 fragmen-K

273 664 416 697 torum
432 671 608 698 numero
622 667 863 712 posuerunt.
899 660 1147 699 Sumserunt
1167 667 1305 699 autem
1325 673 1377 698 ex
1399 658 1596 720 anonymi

275 720 497 753 comment.
519 715 566 752 in
586 712 777 767 Hermog.
803 728 844 766 p.
865 716 977 755 380.
1015 716 1096 754 Sed
1116 717 1302 755 occurrit
1323 715 1447 753 etiam
1462 713 1509 751 in
1529 713 1594 750 al-

273 775 366 809 tero
377 769 609 808 Rhetorum
625 771 872 809 Aldinorum
889 777 1004 809 tomo
1022 772 1160 810 verbis
1172 772 1293 810 modo
1306 769 1495 809 tractatis
1508 767 1596 818 (τῆς

275 824 389 866 κατά
407 824 454 865 τό
476 827 583 865 ive..
597 854 605 863 .
618 827 995 880 .ἐκτετελεσμένοις)
1015 826 1155 869 statim
1177 827 1422 865 subiectum.

360 879 639 933 παράληψις]
669 879 975 927 scribendum,
994 880 1269 935 παράλειψις.
1326 881 1440 919 Idem
1462 893 1588 918 error

273 936 387 988 apud
398 935 610 973 Plutarch.
624 935 744 974 som
765 948 804 974 2.
825 949 865 987 p.
887 935 984 974 466-
1003 943 1045 974 et
1056 934 1253 975 Photium
1269 935 1590 1000 inAntiphonte.

272 991 372 1057 Pigu
374 1003 423 1028 ra
443 989 577 1032 vtitur
600 989 898 1029 Demosthenes
919 989 1091 1043 Οὓς-11111.
1114 1004 1152 1030 2.
1180 1006 1220 1043 p.
1243 993 1286 1031 5
1315 990 1378 1031 Τό
1395 992 1472 1043 μὲν
1498 985 1592 1037 οὖν,

274 1041 308 1084 ὦ
329 1045 476 1111 ἄνδρες
495 1044 736 1095 Ἀθηναῖοι,
764 1046 843 1095 τήν
855 1048 1080 1087 Φιλίππου
1100 1046 1246 1114 ῥωμην
1265 1046 1486 1094 διεξιέναι,
1517 1049 1595 1085 καὶ

274 1100 349 1141 διοὶ
370 1100 525 1143 τούτων
543 1101 624 1143 τῶν
637 1100 770 1156 λόγων
788 1107 1040 1157 προτρέπειν
1058 1119 1111 1143 τα
1132 1103 1280 1144 δέοντα
1302 1106 1440 1142 ποιεῖν
1451 1101 1593 1164 ὑμᾶς,

273 1156 373 1209 οὐχι
391 1156 529 1208 καλῶς
554 1157 665 1210 ἔχειν
683 1157 895 1214 ἠγοῦμαι,
943 1156 1033 1197 Vbi
1051 1157 1349 1199 801101.Τοῦτο
1378 1173 1424 1198 το
1447 1155 1593 1210 σχημά

272 1217 360 1254 ἐστι
380 1211 428 1254 τό
450 1229 562 1254 κατα
582 1215 875 1255 ΠΛΡΑΛΕΙ
879 1217 956 1254 ΨΙ
956 1216 1008 1255 Ν
1038 1214 1075 1253 Γ
1076 1228 1235 1254 ovrlvs
1264 1213 1317 1253 Et
1335 1214 1404 1252 hic
1434 1219 1476 1251 et
1493 1225 1593 1254 ver-

271 1266 691 1316 susnfinemvrectevin,
707 1269 1002 1310 Ald.'fom.11.
1020 1285 1057 1310 ει
1079 1283 1156 1322 pro
1175 1286 1203 1319 η
1228 1270 1431 1321 scriptum
1453 1275 1526 1306 est.

356 1327 562 1379 εἰρωνεία]
602 1324 696 1364 Non
724 1332 895 1377 tropum
918 1325 1000 1364 hoc
1029 1325 1199 1364 nomine
1227 1325 1386 1364 dictum
1412 1323 1593 1375 intelligi

270 1380 417 1420 'voluit‘
429 1387 600 1428 auctor,
622 1381 692 1419 sed
710 1381 878 1420 modum
890 1381 1093 1434 quendam
1107 1394 1252 1420 rerum
1264 1379 1592 1426 tractandarum,

269 1435 344 1488 qm·
361 1435 484 1488 plura
494 1438 623 1476 verba
638 1437 785 1489 poscit,
800 1450 886 1475 non
905 1437 1243 1489 significationem
1253 1436 1477 1475 verborum
1495 1447 1593 1472 mu-

270 1497 414 1530 tatam.
473 1490 660 1531 Pertinet
680 1493 809 1544 igitur
834 1491 916 1531 huc
934 1493 1051 1531 locus
1070 1492 1321 1541 Quintiliani
1340 1491 1399 1530 [X
1411 1519 1423 1538 ‚
1454 1502 1479 1528 2
1493 1518 1503 1537 ,
1525 1490 1595 1528 44.

271 1553 315 1585 et
338 1560 424 1599 sqq.
457 1550 723 1601 ,,Ει’ρωνεία,
762 1561 866 1600 quae
891 1554 954 1587 est
979 1550 1144 1588 schema
1154 1576 1170 1595 ,
1198 1548 1249 1586 ab
1278 1547 1373 1594 illa,
1392 1558 1507 1598 quae
1530 1552 1594 1585 est

274 1608 421 1654 tropus
434 1631 445 1651 ‚
473 1616 623 1656 genere
642 1605 729 1655 ipso
750 1603 858 1643 nihil
879 1604 1104 1643 admodum
1127 1604 1302 1642 distat.“
1325 1609 1403 1641 etc.

354 1657 486 1710 δοκεῖ]
517 1660 585 1698 Sic
606 1674 670 1711 ap.
696 1659 913 1711 Apsinem,
942 1674 1024 1711 pro,
1039 1659 1226 1700 δοκοῦσι.

355 1711 432 1753 τοῦ
452 1717 550 1754 ποθ.
565 1713 722 1766 χάριν]
750 1713 814 1752 Ex
837 1715 983 1753 eodem
997 1716 1090 1753 loco
1104 1714 1238 1767 χάριν
1255 1714 1388 1766 petiui
1408 1727 1486 1765 pro
1500 1723 1595 1765 χωέ
1629 1743 1632 1745 >

267 1771 378 1824 Ιρίου.
436 1769 519 1808 Sed
544 1770 625 1808 hoc
653 1783 706 1808 an
729 1769 839 1808 illud
866 1783 1013 1809 verum
1039 1770 1116 1818 sit,
1145 1783 1228 1808 non
1258 1769 1425 1811 definio.
1481 1769 1594 1807 Illud

265 1825 398 1877 χάριν
424 1831 649 1877 propterea
672 1838 759 1863 non
787 1825 912 1877 plane
930 1826 1151 1876 probatur,
1185 1825 1282 1877 quia
1300 1838 1385 1862 non
1405 1824 1591 1863 additum

269 1888 333 1919 est
355 1879 526 1932 aliquod
543 1881 810 1932 participium
839 1888 911 1920 aut
933 1880 1207 1928 adiecfiuum,
1232 1884 1312 1932 quo
1333 1893 1374 1918 v.
1394 1883 1592 1934 λογισμοὶ

266 1949 368 1974 cum
385 1935 517 1988 χάρις
542 1938 697 1974 arctius
724 1936 942 1988 iungatur,
970 1936 1089 1974 velut
1111 1937 1462 1989 παρειλημμένοι.
1511 1935 1592 1974 Sed

263 1994 426 2044 χωρίον
443 1992 692 2031 insolentius
711 1999 773 2031 est
786 2006 865 2044 pro
886 1991 1027 2042 τόπῳ,
1057 1993 1252 2031 adiuncto
1275 2006 1424 2030 causae
1441 1993 1507 2030 vel
1518 1994 1592 2037 rei,

267 2062 292 2086 e
310 2062 407 2101 quo
416 2050 502 2101 peti
517 2051 649 2101 possit
670 2056 962 2101 argumentum.
1018 2047 1227 2111 Longinus
1249 2060 1343 2085 cum
1365 2047 1457 2085 aliis
1471 2047 1592 2085 vide-

261 2109 342 2141 tur
360 2103 492 2144 τόπον
514 2103 769 2156 appellasse,
796 2104 992 2156 quoniam
1014 2103 1057 2141 in
1080 2106 1139 2142 II.
1162 2105 1205 2143 Y.
1225 2116 1346 2141 vsum
1364 2102 1475 2149 eius,
1507 2102 1592 2140 sal-

261 2165 354 2197 tem
389 2158 538 2200 κοινοῦ
566 2158 722 2209 τόπου,
747 2159 945 2212 appellat
975 2161 1253 2211 τοπηγορίαν.
1309 2158 1593 2197 Veruntamen

269 2227 344 2267 ego
363 2216 620 2262 existimaui,
648 2215 971 2280 praeferendum
989 2214 1095 2253 illud
1117 2204 1226 2263 esde,
1256 2213 1369 2325 quod
1383 2213 1495 2251 inter
1518 2226 1590 2251 ce-

266 2276 360 2310 tera
375 2271 524 2309 melius
545 2271 702 2323 scripta
717 2271 945 2323 reperitur.
991 2297 993 2302 ‹
1097 2283 1099 2285 ’

357 2318 551 2378 πίστεων]
580 2326 648 2365 Sic
674 2327 784 2365 idem
805 2328 978 2379 Apsines
999 2341 1077 2380 pro
1098 2329 1286 2371 πίστεως

351 2382 405 2438 τῆ
428 2382 500 2431 τῆς
523 2385 782 2436 ὑποκρίσεως
804 2382 957 2449 ἀρετῇ]
989 2383 1144 2422 Latiori
1163 2397 1306 2430 sensu,
1334 2381 1386 2421 de
1402 2391 1591 2435 pronun-³

265 2441 439 2477 tiatione
462 2442 591 2478 totius
605 2438 855 2478 orationish.
872 2440 900 2478 1.
918 2438 1143 2491 ὑπόκρισις
1156 2439 1267 2478 dicta
1286 2438 1476 2486 videtur3
1506 2451 1591 2476 non
1634 2472 1638 2475 ,

266 2493 319 2532 de
338 2508 407 2542 ea,
435 2507 539 2546 quae
558 2508 684 2533 vnam
706 2494 912 2546 quandam
929 2495 1176 2534 sententiam
1195 2508 1298 2534 voce
1320 2500 1362 2532 et
1380 2500 1495 2532 motu
1513 2493 1590 2531 ad-

265 2549 411 2598 iuuat,
441 2550 558 2588 cuius
589 2550 870 2589 definitionem
888 2551 1107 2589 Hudsonus
1139 2565 1161 2589 e
1180 2551 1255 2590 1111.
1277 2549 1495 2588 Rufiniano
1515 2548 1589 2596 111,

266 2603 307 2643 6.
334 2604 574 2658 adscripsit:
604 2610 878 2661 „Hypocrisis
898 2614 957 2646 est
976 2608 1106 2659 figura
1123 2606 1368 2652 sententiae,
1396 2619 1487 2643 cum
1514 2604 1590 2642 ad-

267 2662 500 2701 versarium
526 2669 640 2715 gestu
671 2669 713 2702 et
735 2663 1088 2720 pronuntiatione
1111 2662 1371 2711 extollimus,
1392 2660 1462 2701 vel
1481 2659 1587 2699 abii-
