<?xml version="1.0" encoding="UTF-8"?>
<!DOCTYPE html PUBLIC "-//W3C//DTD XHTML 1.0 Transitional//EN"
    "http://www.w3.org/TR/xhtml1/DTD/xhtml1-transitional.dtd">
<html xmlns="http://www.w3.org/1999/xhtml" xml:lang="en" lang="en">
 <head>
  <title>
</title>
<meta http-equiv="Content-Type" content="text/html;charset=utf-8" />
  <meta name='ocr-system' content='tesseract 3.04.00' />
  <meta name='ocr-capabilities' content='ocr_page ocr_carea ocr_par ocr_line ocrx_word'/>
</head>
<body>
  <div class='ocr_page' id='page_1' title='image "./dionysiilonginid00long_0678.png"; bbox 0 0 1718 3122; ppageno 0'>
   <div class='ocr_carea' id='block_1_1' title="bbox 172 2500 1600 2559">
    <p class='ocr_par' dir='ltr' id='par_1_1' title="bbox 172 2500 1600 2559">
     <span class='ocr_line' id='line_1_1' title="bbox 172 2500 1600 2559; baseline 0.003 -18"><span class='ocrx_word' id='word_1_1' title='bbox 172 2519 174 2521; x_wconf 54' lang='lat'><strong><em>¹</em></strong></span> <span class='ocrx_word' id='word_1_2' title='bbox 243 2500 482 2548; x_wconf 56' lang='grc' dir='ltr'><strong>,ΗΘΙίοάοικ</strong></span> <span class='ocrx_word' id='word_1_3' title='bbox 481 2503 691 2556; x_wconf 81' lang='lat' dir='ltr'><strong>Aethiop.</strong></span> <span class='ocrx_word' id='word_1_4' title='bbox 711 2504 786 2542; x_wconf 88' lang='lat' dir='ltr'><strong>lib.</strong></span> <span class='ocrx_word' id='word_1_5' title='bbox 807 2506 846 2544; x_wconf 81' lang='lat'><strong>3.</strong></span> <span class='ocrx_word' id='word_1_6' title='bbox 869 2519 909 2557; x_wconf 89' lang='lat' dir='ltr'><strong>p.</strong></span> <span class='ocrx_word' id='word_1_7' title='bbox 938 2507 1028 2559; x_wconf 79' lang='lat'>139.</span> <span class='ocrx_word' id='word_1_8' title='bbox 1073 2505 1162 2556; x_wconf 65' lang='lat' dir='ltr'><strong>Tur</strong></span> <span class='ocrx_word' id='word_1_9' title='bbox 1193 2505 1235 2545; x_wconf 82' lang='grc' dir='ltr'><strong>δὲ</strong></span> <span class='ocrx_word' id='word_1_10' title='bbox 1262 2504 1600 2546; x_wconf 67' lang='lat' dir='ltr'><strong>KOP-QNIAA</strong></span> 
     </span>
    </p>
   </div>
   <div class='ocr_carea' id='block_1_2' title="bbox 245 215 1249 260">
    <p class='ocr_par' dir='ltr' id='par_1_2' title="bbox 245 215 1249 260">
     <span class='ocr_line' id='line_1_2' title="bbox 245 215 1249 260; baseline -0.005 0"><span class='ocrx_word' id='word_1_11' title='bbox 245 221 326 260; x_wconf 82' lang='lat'><strong>504</strong></span> <span class='ocrx_word' id='word_1_12' title='bbox 564 215 787 259; x_wconf 80' lang='lat' dir='ltr'>NOTAE</span> <span class='ocrx_word' id='word_1_13' title='bbox 830 216 912 257; x_wconf 76' lang='lat' dir='ltr'><strong>AD</strong></span> <span class='ocrx_word' id='word_1_14' title='bbox 960 215 1249 256; x_wconf 86' lang='lat' dir='ltr'>LONGINI</span> 
     </span>
    </p>
   </div>
   <div class='ocr_carea' id='block_1_3' title="bbox 246 328 1571 550">
    <p class='ocr_par' dir='ltr' id='par_1_3' title="bbox 246 328 1571 550">
     <span class='ocr_line' id='line_1_3' title="bbox 246 328 1569 382; baseline -0.001 -12"><span class='ocrx_word' id='word_1_15' title='bbox 246 333 323 371; x_wconf 87' lang='lat' dir='ltr'><strong>tim</strong></span> <span class='ocrx_word' id='word_1_16' title='bbox 353 330 598 380; x_wconf 82' lang='lat' dir='ltr'><strong>addidisset,</strong></span> <span class='ocrx_word' id='word_1_17' title='bbox 626 331 706 370; x_wconf 87' lang='grc'>11151</span> <span class='ocrx_word' id='word_1_18' title='bbox 737 330 899 382; x_wconf 87' lang='lat' dir='ltr'><strong>grauius</strong></span> <span class='ocrx_word' id='word_1_19' title='bbox 929 330 1027 382; x_wconf 85' lang='lat' dir='ltr'><strong>quid</strong></span> <span class='ocrx_word' id='word_1_20' title='bbox 1049 331 1086 367; x_wconf 91' lang='lat' dir='ltr'><strong>ei</strong></span> <span class='ocrx_word' id='word_1_21' title='bbox 1110 328 1356 381; x_wconf 81' lang='lat' dir='ltr'><strong>placuisset,</strong></span> <span class='ocrx_word' id='word_1_22' title='bbox 1377 334 1433 367; x_wconf 81' lang='lat' dir='ltr'><strong>·vt</strong></span> <span class='ocrx_word' id='word_1_23' title='bbox 1458 344 1569 382; x_wconf 78' lang='grc' dir='ltr'><em>κρα-</em></span> 
     </span>
     <span class='ocr_line' id='line_1_4' title="bbox 248 383 1569 440; baseline -0.004 -11"><span class='ocrx_word' id='word_1_24' title='bbox 248 391 406 438; x_wconf 78' lang='grc' dir='ltr'><em>τίστην,</em></span> <span class='ocrx_word' id='word_1_25' title='bbox 433 393 503 426; x_wconf 88' lang='lat' dir='ltr'><strong>aut</strong></span> <span class='ocrx_word' id='word_1_26' title='bbox 521 387 632 440; x_wconf 78' lang='lat' dir='ltr'><strong>quud</strong></span> <span class='ocrx_word' id='word_1_27' title='bbox 654 386 724 435; x_wconf 87' lang='lat'><strong>16,</strong></span> <span class='ocrx_word' id='word_1_28' title='bbox 750 400 784 426; x_wconf 90' lang='lat'><strong>1.</strong></span> <span class='ocrx_word' id='word_1_29' title='bbox 806 388 1038 438; x_wconf 86' lang='lat' dir='ltr'><strong>reperitur,</strong></span> <span class='ocrx_word' id='word_1_30' title='bbox 1069 384 1118 426; x_wconf 82' lang='grc' dir='ltr'><strong>οὐ</strong></span> <span class='ocrx_word' id='word_1_31' title='bbox 1141 400 1214 433; x_wconf 84' lang='grc' dir='ltr'><strong>την</strong></span> <span class='ocrx_word' id='word_1_32' title='bbox 1240 383 1467 435; x_wconf 78' lang='grc' dir='ltr'><strong><em>τυχοῦσαν,</em></strong></span> <span class='ocrx_word' id='word_1_33' title='bbox 1497 391 1569 424; x_wconf 80' lang='lat' dir='ltr'><strong>aut</strong></span> 
     </span>
     <span class='ocr_line' id='line_1_5' title="bbox 248 441 1571 496; baseline -0.005 -13"><span class='ocrx_word' id='word_1_34' title='bbox 248 444 358 483; x_wconf 85' lang='lat' dir='ltr'><strong>hoc</strong></span> <span class='ocrx_word' id='word_1_35' title='bbox 346 448 500 495; x_wconf 79' lang='lat' dir='ltr'>1pSum‚</span> <span class='ocrx_word' id='word_1_36' title='bbox 529 442 641 496; x_wconf 85' lang='lat' dir='ltr'>quod</span> <span class='ocrx_word' id='word_1_37' title='bbox 659 441 800 481; x_wconf 87' lang='lat' dir='ltr'><strong>Tollio</strong></span> <span class='ocrx_word' id='word_1_38' title='bbox 822 442 1030 480; x_wconf 85' lang='lat' dir='ltr'>debemus.</span> <span class='ocrx_word' id='word_1_39' title='bbox 1078 442 1108 479; x_wconf 92' lang='grc'>(</span> <span class='ocrx_word' id='word_1_40' title='bbox 1113 449 1273 479; x_wconf 85' lang='lat' dir='ltr'>eterum</span> <span class='ocrx_word' id='word_1_41' title='bbox 1298 441 1349 478; x_wconf 89' lang='lat' dir='ltr'>de</span> <span class='ocrx_word' id='word_1_42' title='bbox 1370 441 1571 479; x_wconf 83' lang='lat' dir='ltr'><strong>extremis</strong></span> 
     </span>
     <span class='ocr_line' id='line_1_6' title="bbox 250 495 1571 550; baseline -0.005 -11"><span class='ocrx_word' id='word_1_43' title='bbox 250 500 392 539; x_wconf 85' lang='lat' dir='ltr'><strong>verbis</strong></span> <span class='ocrx_word' id='word_1_44' title='bbox 416 497 504 539; x_wconf 84' lang='lat' dir='ltr'><strong>vid.</strong></span> <span class='ocrx_word' id='word_1_45' title='bbox 537 499 662 539; x_wconf 84' lang='lat' dir='ltr'>etiam</span> <span class='ocrx_word' id='word_1_46' title='bbox 693 511 798 550; x_wconf 85' lang='lat' dir='ltr'>quae</span> <span class='ocrx_word' id='word_1_47' title='bbox 824 497 869 535; x_wconf 88' lang='lat' dir='ltr'><strong>in</strong></span> <span class='ocrx_word' id='word_1_48' title='bbox 899 498 1179 550; x_wconf 79' lang='lat' dir='ltr'>descriptione</span> <span class='ocrx_word' id='word_1_49' title='bbox 1210 495 1363 535; x_wconf 85' lang='lat' dir='ltr'><strong>codicis</strong></span> <span class='ocrx_word' id='word_1_50' title='bbox 1393 495 1571 536; x_wconf 84' lang='lat' dir='ltr'><strong>Parisini</strong></span> 
     </span>
    </p>
   </div>
   <div class='ocr_carea' id='block_1_4' title="bbox 252 554 353 595">
    <p class='ocr_par' dir='ltr' id='par_1_4' title="bbox 252 554 353 595">
     <span class='ocr_line' id='line_1_7' title="bbox 252 554 353 595; baseline 0 -1"><span class='ocrx_word' id='word_1_51' title='bbox 252 554 353 595; x_wconf 79' lang='lat' dir='ltr'><strong>djxi.</strong></span> 
     </span>
    </p>
   </div>
   <div class='ocr_carea' id='block_1_5' title="bbox 1696 0 1718 671">
    <p class='ocr_par' dir='ltr' id='par_1_5' title="bbox 1696 0 1718 671">
     <span class='ocr_line' id='line_1_8' title="bbox 1696 0 1718 671; baseline 0 2451"><span class='ocrx_word' id='word_1_52' title='bbox 1696 0 1718 671; x_wconf 95' lang='lat' dir='ltr'><strong> </strong></span> 
     </span>
    </p>
   </div>
   <div class='ocr_carea' id='block_1_6' title="bbox 745 813 1718 973">
    <p class='ocr_par' dir='ltr' id='par_1_6' title="bbox 745 813 1718 973">
     <span class='ocr_line' id='line_1_9' title="bbox 745 813 1086 854; baseline 0 0"><span class='ocrx_word' id='word_1_53' title='bbox 745 813 1086 854; x_wconf 81' lang='lat' dir='ltr'>NOTAE</span> 
     </span>
     <span class='ocr_line' id='line_1_10' title="bbox 890 923 1718 973; baseline 0.001 -8"><span class='ocrx_word' id='word_1_54' title='bbox 890 939 958 965; x_wconf 65' lang='lat' dir='ltr'><strong>An</strong></span> <span class='ocrx_word' id='word_1_55' title='bbox 1716 923 1718 973; x_wconf 60' lang='grc' dir='ltr'><strong>ᾗ</strong></span> 
     </span>
    </p>
   </div>
   <div class='ocr_carea' id='block_1_7' title="bbox 238 1012 1543 1107">
    <p class='ocr_par' dir='ltr' id='par_1_7' title="bbox 238 1012 1543 1107">
     <span class='ocr_line' id='line_1_11' title="bbox 238 1012 1543 1107; baseline -0.002 -23"><span class='ocrx_word' id='word_1_56' title='bbox 238 1012 1543 1107; x_wconf 2' lang='lat' dir='ltr'>&#39;FRAGMENTAALONGINL</span> 
     </span>
    </p>
   </div>
   <div class='ocr_carea' id='block_1_8' title="bbox 783 1199 1062 1212">
    <p class='ocr_par' dir='ltr' id='par_1_8' title="bbox 783 1199 1062 1212">
     <span class='ocr_line' id='line_1_12' title="bbox 783 1199 1062 1212; baseline 0 1910"><span class='ocrx_word' id='word_1_57' title='bbox 783 1199 1062 1212; x_wconf 95' lang='lat' dir='ltr'><strong> </strong></span> 
     </span>
    </p>
   </div>
   <div class='ocr_carea' id='block_1_9' title="bbox 721 1370 1126 1412">
    <p class='ocr_par' dir='ltr' id='par_1_9' title="bbox 721 1370 1126 1412">
     <span class='ocr_line' id='line_1_13' title="bbox 721 1370 1126 1412; baseline -0.008 0"><span class='ocrx_word' id='word_1_58' title='bbox 721 1370 1032 1412; x_wconf 87' lang='lat' dir='ltr'>FRAGM.</span> <span class='ocrx_word' id='word_1_59' title='bbox 1088 1371 1126 1412; x_wconf 89' lang='grc' dir='ltr'><strong>Ι.</strong></span> 
     </span>
    </p>
   </div>
   <div class='ocr_carea' id='block_1_10' title="bbox 261 1539 1594 1832">
    <p class='ocr_par' dir='ltr' id='par_1_10' title="bbox 261 1539 1593 1821">
     <span class='ocr_line' id='line_1_14' title="bbox 261 1539 1591 1596; baseline 0.004 -18"><span class='ocrx_word' id='word_1_60' title='bbox 261 1539 473 1594; x_wconf 82' lang='lat' dir='ltr'>„Longini</span> <span class='ocrx_word' id='word_1_61' title='bbox 491 1543 542 1581; x_wconf 88' lang='lat' dir='ltr'>de</span> <span class='ocrx_word' id='word_1_62' title='bbox 561 1544 799 1583; x_wconf 80' lang='lat' dir='ltr'><strong>rhetoribus</strong></span> <span class='ocrx_word' id='word_1_63' title='bbox 830 1545 1115 1584; x_wconf 81' lang='lat' dir='ltr'><strong>testimonium</strong></span> <span class='ocrx_word' id='word_1_64' title='bbox 1142 1575 1151 1584; x_wconf 86' lang='lat'><strong>.</strong></span> <span class='ocrx_word' id='word_1_65' title='bbox 1167 1573 1199 1583; x_wconf 87' lang='lat'><strong>..</strong></span> <span class='ocrx_word' id='word_1_66' title='bbox 1232 1550 1365 1583; x_wconf 83' lang='lat' dir='ltr'>exstat</span> <span class='ocrx_word' id='word_1_67' title='bbox 1393 1544 1436 1581; x_wconf 87' lang='lat' dir='ltr'><strong>in</strong></span> <span class='ocrx_word' id='word_1_68' title='bbox 1464 1558 1591 1596; x_wconf 86' lang='lat' dir='ltr'>prae-</span> 
     </span>
     <span class='ocr_line' id='line_1_15' title="bbox 262 1598 1591 1652; baseline 0.003 -18"><span class='ocrx_word' id='word_1_69' title='bbox 262 1598 511 1637; x_wconf 75' lang='lat' dir='ltr'><strong>stantissimo</strong></span> <span class='ocrx_word' id='word_1_70' title='bbox 537 1600 683 1638; x_wconf 87' lang='lat' dir='ltr'>codice</span> <span class='ocrx_word' id='word_1_71' title='bbox 714 1601 1026 1652; x_wconf 80' lang='lat' dir='ltr'>euangeliorum</span> <span class='ocrx_word' id='word_1_72' title='bbox 1056 1599 1340 1640; x_wconf 76' lang='lat' dir='ltr'><strong>Bibliothecae</strong></span> <span class='ocrx_word' id='word_1_73' title='bbox 1367 1600 1591 1639; x_wconf 83' lang='lat' dir='ltr'>Vaticanae</span> 
     </span>
     <span class='ocr_line' id='line_1_16' title="bbox 262 1651 1593 1707; baseline 0.003 -17"><span class='ocrx_word' id='word_1_74' title='bbox 262 1651 497 1703; x_wconf 78' lang='lat' dir='ltr'><strong>Vrbinatis‚</strong></span> <span class='ocrx_word' id='word_1_75' title='bbox 527 1655 627 1707; x_wconf 86' lang='lat' dir='ltr'><strong>sign.</strong></span> <span class='ocrx_word' id='word_1_76' title='bbox 660 1661 775 1693; x_wconf 82' lang='lat' dir='ltr'>num.</span> <span class='ocrx_word' id='word_1_77' title='bbox 805 1668 844 1694; x_wconf 85' lang='lat'><strong>2.</strong></span> <span class='ocrx_word' id='word_1_78' title='bbox 877 1657 987 1707; x_wconf 87' lang='lat' dir='ltr'>quod</span> <span class='ocrx_word' id='word_1_79' title='bbox 1015 1657 1231 1694; x_wconf 83' lang='lat' dir='ltr'><strong>nobiscum</strong></span> <span class='ocrx_word' id='word_1_80' title='bbox 1269 1656 1593 1694; x_wconf 87' lang='lat' dir='ltr'><strong>communicauit</strong></span> 
     </span>
     <span class='ocr_line' id='line_1_17' title="bbox 262 1707 1592 1763; baseline 0.004 -18"><span class='ocrx_word' id='word_1_81' title='bbox 262 1707 330 1746; x_wconf 79' lang='lat' dir='ltr'><strong>vir</strong></span> <span class='ocrx_word' id='word_1_82' title='bbox 349 1723 531 1748; x_wconf 84' lang='lat' dir='ltr'>summae</span> <span class='ocrx_word' id='word_1_83' title='bbox 554 1711 770 1749; x_wconf 86' lang='lat' dir='ltr'>doctrinae</span> <span class='ocrx_word' id='word_1_84' title='bbox 788 1712 950 1763; x_wconf 83' lang='lat' dir='ltr'><strong>pariter</strong></span> <span class='ocrx_word' id='word_1_85' title='bbox 972 1726 1018 1757; x_wconf 85' lang='lat' dir='ltr'><strong>ac</strong></span> <span class='ocrx_word' id='word_1_86' title='bbox 1045 1707 1311 1749; x_wconf 65' lang='grc' dir='ltr'>111111111111ϊὲ1115</span> <span class='ocrx_word' id='word_1_87' title='bbox 1335 1714 1460 1750; x_wconf 78' lang='lat' dir='ltr'><strong><em>Laur.</em></strong></span> <span class='ocrx_word' id='word_1_88' title='bbox 1470 1713 1592 1751; x_wconf 81' lang='lat' dir='ltr'><strong>Alex.</strong></span> 
     </span>
     <span class='ocr_line' id='line_1_18' title="bbox 262 1764 1594 1832; baseline 0.002 -28"><span class='ocrx_word' id='word_1_89' title='bbox 262 1767 523 1828; x_wconf 81' lang='lat' dir='ltr'><strong>Zacagnius:</strong></span> <span class='ocrx_word' id='word_1_90' title='bbox 556 1766 791 1820; x_wconf 74' lang='grc' dir='ltr'><em>Λογγῖνος,</em></span> <span class='ocrx_word' id='word_1_91' title='bbox 821 1765 846 1807; x_wconf 84' lang='grc' dir='ltr'>ὁ</span> <span class='ocrx_word' id='word_1_92' title='bbox 875 1771 961 1806; x_wconf 82' lang='grc' dir='ltr'><strong>καὶ</strong></span> <span class='ocrx_word' id='word_1_93' title='bbox 975 1764 1155 1832; x_wconf 80' lang='grc' dir='ltr'><em>ρητωρ,</em></span> <span class='ocrx_word' id='word_1_94' title='bbox 1174 1782 1248 1815; x_wconf 78' lang='grc' dir='ltr'><strong>την</strong></span> <span class='ocrx_word' id='word_1_95' title='bbox 1289 1765 1369 1808; x_wconf 81' lang='grc' dir='ltr'><strong>τῶν</strong></span> <span class='ocrx_word' id='word_1_96' title='bbox 1397 1766 1594 1832; x_wconf 74' lang='grc' dir='ltr'><em>μεγάλων</em></span> 
     </span>
    </p>
   </div>
   <div class='ocr_carea' id='block_1_11' title="bbox 259 1818 1718 1917">
    <p class='ocr_par' dir='ltr' id='par_1_11' title="bbox 259 1818 1718 1917">
     <span class='ocr_line' id='line_1_19' title="bbox 262 1818 1718 1885; baseline 0.001 -24"><span class='ocrx_word' id='word_1_97' title='bbox 262 1818 450 1885; x_wconf 82' lang='grc' dir='ltr'><em>ρητόρων</em></span> <span class='ocrx_word' id='word_1_98' title='bbox 499 1821 811 1877; x_wconf 74' lang='grc' dir='ltr'><em>ἀπαρίθμησιν</em></span> <span class='ocrx_word' id='word_1_99' title='bbox 850 1824 1068 1871; x_wconf 79' lang='grc' dir='ltr'><em>συνέταξεν</em></span> <span class='ocrx_word' id='word_1_100' title='bbox 1107 1818 1255 1866; x_wconf 75' lang='grc' dir='ltr'><em>οὕτως·</em></span> <span class='ocrx_word' id='word_1_101' title='bbox 1299 1825 1496 1876; x_wconf 77' lang='grc' dir='ltr'><em>Κορωνὶς</em></span> <span class='ocrx_word' id='word_1_102' title='bbox 1546 1821 1595 1864; x_wconf 63' lang='grc' dir='ltr'>δῖ</span> <span class='ocrx_word' id='word_1_103' title='bbox 1713 1833 1718 1863; x_wconf 73' lang='lat'><strong>³.</strong></span> 
     </span>
     <span class='ocr_line' id='line_1_20' title="bbox 259 1874 494 1917; baseline 0.009 -3"><span class='ocrx_word' id='word_1_104' title='bbox 259 1874 362 1917; x_wconf 73' lang='grc' dir='ltr'>ἔστω</span> <span class='ocrx_word' id='word_1_105' title='bbox 373 1883 398 1902; x_wconf 83' lang='lat'><strong>“</strong></span> <span class='ocrx_word' id='word_1_106' title='bbox 417 1883 494 1916; x_wconf 84' lang='lat' dir='ltr'>etc.</span> 
     </span>
    </p>
   </div>
   <div class='ocr_carea' id='block_1_12' title="bbox 260 1445 1718 1671">
    <p class='ocr_par' dir='ltr' id='par_1_12' title="bbox 260 1445 1718 1671">
     <span class='ocr_line' id='line_1_21' title="bbox 260 1445 1718 1567; baseline 0.003 -44"><span class='ocrx_word' id='word_1_107' title='bbox 260 1451 513 1525; x_wconf 49' lang='lat' dir='ltr'><strong>{Iudsonus</strong></span> <span class='ocrx_word' id='word_1_108' title='bbox 534 1488 578 1526; x_wconf 91' lang='lat' dir='ltr'><strong>in</strong></span> <span class='ocrx_word' id='word_1_109' title='bbox 598 1488 730 1540; x_wconf 86' lang='lat' dir='ltr'>praef.</span> <span class='ocrx_word' id='word_1_110' title='bbox 754 1488 808 1527; x_wconf 84' lang='lat' dir='ltr'><strong>ad</strong></span> <span class='ocrx_word' id='word_1_111' title='bbox 827 1489 924 1528; x_wconf 84' lang='lat' dir='ltr'>edi.t</span> <span class='ocrx_word' id='word_1_112' title='bbox 950 1503 1063 1528; x_wconf 78' lang='lat' dir='ltr'>suam</span> <span class='ocrx_word' id='word_1_113' title='bbox 1084 1488 1135 1526; x_wconf 85' lang='lat' dir='ltr'>de</span> <span class='ocrx_word' id='word_1_114' title='bbox 1156 1487 1239 1526; x_wconf 87' lang='lat' dir='ltr'><strong>hoc</strong></span> <span class='ocrx_word' id='word_1_115' title='bbox 1257 1487 1490 1540; x_wconf 82' lang='lat' dir='ltr'>fragmento</span> <span class='ocrx_word' id='word_1_116' title='bbox 1509 1487 1588 1527; x_wconf 86' lang='lat' dir='ltr'><strong>ita:</strong></span> <span class='ocrx_word' id='word_1_117' title='bbox 1702 1445 1718 1567; x_wconf 59' lang='lat' dir='ltr'><strong>i</strong></span> 
     </span>
     <span class='ocr_line' id='line_1_22' title="bbox 1702 1569 1718 1671; baseline 0 0"><span class='ocrx_word' id='word_1_118' title='bbox 1702 1569 1718 1671; x_wconf 65' lang='grc' dir='ltr'><strong>’ἓ</strong></span> 
     </span>
    </p>
   </div>
   <div class='ocr_carea' id='block_1_13' title="bbox 262 1944 1621 2501">
    <p class='ocr_par' dir='ltr' id='par_1_13' title="bbox 262 1944 1621 2501">
     <span class='ocr_line' id='line_1_23' title="bbox 343 1944 1594 2000; baseline 0.001 -15"><span class='ocrx_word' id='word_1_119' title='bbox 343 1945 640 1985; x_wconf 72' lang='grc' dir='ltr'><em>ΚΟΡΩΝΙΣ</em></span> <span class='ocrx_word' id='word_1_120' title='bbox 657 1944 740 1984; x_wconf 56' lang='lat' dir='ltr'><strong>§N</strong></span> <span class='ocrx_word' id='word_1_121' title='bbox 719 1960 822 1986; x_wconf 82' lang='grc' dir='ltr'><em>εστω</em></span> <span class='ocrx_word' id='word_1_122' title='bbox 847 1946 974 1998; x_wconf 70' lang='grc' dir='ltr'><em>λόγου</em></span> <span class='ocrx_word' id='word_1_123' title='bbox 999 1945 1162 1989; x_wconf 77' lang='grc' dir='ltr'><em>παντός</em></span> <span class='ocrx_word' id='word_1_124' title='bbox 1191 1948 1267 1985; x_wconf 80' lang='grc' dir='ltr'><strong>καὶ</strong></span> <span class='ocrx_word' id='word_1_125' title='bbox 1296 1944 1594 2000; x_wconf 81' lang='grc' dir='ltr'><em>φρονήματος]</em></span> 
     </span>
     <span class='ocr_line' id='line_1_24' title="bbox 263 1999 1597 2054; baseline 0.002 -16"><span class='ocrx_word' id='word_1_126' title='bbox 263 1999 342 2038; x_wconf 85' lang='grc'><strong>111</strong></span> <span class='ocrx_word' id='word_1_127' title='bbox 329 2014 420 2052; x_wconf 76' lang='lat' dir='ltr'><strong>ipso</strong></span> <span class='ocrx_word' id='word_1_128' title='bbox 442 2001 590 2039; x_wconf 90' lang='lat' dir='ltr'>limine</span> <span class='ocrx_word' id='word_1_129' title='bbox 608 2002 793 2054; x_wconf 84' lang='lat' dir='ltr'><strong>turpiter</strong></span> <span class='ocrx_word' id='word_1_130' title='bbox 811 2003 864 2040; x_wconf 89' lang='lat' dir='ltr'><strong>cl.</strong></span> <span class='ocrx_word' id='word_1_131' title='bbox 885 2003 1110 2054; x_wconf 80' lang='lat' dir='ltr'>InterpreS,</span> <span class='ocrx_word' id='word_1_132' title='bbox 1124 2004 1267 2042; x_wconf 80' lang='lat' dir='ltr'><strong>Finiat</strong></span> <span class='ocrx_word' id='word_1_133' title='bbox 1285 2010 1422 2050; x_wconf 68' lang='lat' dir='ltr'>autem</span> <span class='ocrx_word' id='word_1_134' title='bbox 1442 2015 1597 2041; x_wconf 88' lang='lat' dir='ltr'>omnem</span> 
     </span>
     <span class='ocr_line' id='line_1_25' title="bbox 263 2057 1598 2106; baseline 0.001 -11"><span class='ocrx_word' id='word_1_135' title='bbox 263 2065 448 2096; x_wconf 78' lang='lat' dir='ltr'><strong>nostrum</strong></span> <span class='ocrx_word' id='word_1_136' title='bbox 464 2071 695 2096; x_wconf 76' lang='lat' dir='ltr'>sermonem.</span> <span class='ocrx_word' id='word_1_137' title='bbox 750 2057 884 2098; x_wconf 88' lang='lat' dir='ltr'>Immo</span> <span class='ocrx_word' id='word_1_138' title='bbox 902 2072 1028 2106; x_wconf 82' lang='lat' dir='ltr'>vero,</span> <span class='ocrx_word' id='word_1_139' title='bbox 1061 2059 1203 2097; x_wconf 70' lang='lat' dir='ltr'><strong>Omnis</strong></span> <span class='ocrx_word' id='word_1_140' title='bbox 1237 2066 1375 2096; x_wconf 79' lang='lat' dir='ltr'>autem</span> <span class='ocrx_word' id='word_1_141' title='bbox 1402 2061 1598 2097; x_wconf 67' lang='lat' dir='ltr'><strong>sermoni-s·</strong></span> 
     </span>
     <span class='ocr_line' id='line_1_26' title="bbox 266 2114 1597 2168; baseline 0 -16"><span class='ocrx_word' id='word_1_142' title='bbox 266 2114 419 2153; x_wconf 75' lang='lat' dir='ltr'><strong>Graeci</strong></span> <span class='ocrx_word' id='word_1_143' title='bbox 434 2122 474 2152; x_wconf 84' lang='lat' dir='ltr'><strong>et</strong></span> <span class='ocrx_word' id='word_1_144' title='bbox 493 2116 660 2166; x_wconf 73' lang='lat' dir='ltr'><strong>spiritus</strong></span> <span class='ocrx_word' id='word_1_145' title='bbox 670 2115 759 2165; x_wconf 79' lang='lat' dir='ltr'><strong>flos</strong></span> <span class='ocrx_word' id='word_1_146' title='bbox 779 2122 903 2168; x_wconf 80' lang='lat' dir='ltr'>atque</span> <span class='ocrx_word' id='word_1_147' title='bbox 933 2129 1036 2167; x_wconf 79' lang='lat' dir='ltr'>apex</span> <span class='ocrx_word' id='word_1_148' title='bbox 1069 2120 1123 2153; x_wconf 73' lang='lat' dir='ltr'><strong>sit</strong></span> <span class='ocrx_word' id='word_1_149' title='bbox 1153 2114 1471 2159; x_wconf 73' lang='lat' dir='ltr'><strong>Demosthenes,</strong></span> <span class='ocrx_word' id='word_1_150' title='bbox 1504 2116 1597 2167; x_wconf 86' lang='lat' dir='ltr'><em>Ly.-</em></span> 
     </span>
     <span class='ocr_line' id='line_1_27' title="bbox 264 2169 1621 2231; baseline 0.001 -24"><span class='ocrx_word' id='word_1_151' title='bbox 264 2171 370 2231; x_wconf 54' lang='lat' dir='ltr'><strong>sias?</strong></span> <span class='ocrx_word' id='word_1_152' title='bbox 402 2176 444 2208; x_wconf 87' lang='lat' dir='ltr'>et</span> <span class='ocrx_word' id='word_1_153' title='bbox 469 2170 542 2221; x_wconf 90' lang='lat' dir='ltr'><strong>qui</strong></span> <span class='ocrx_word' id='word_1_154' title='bbox 563 2176 804 2220; x_wconf 84' lang='lat' dir='ltr'>sequuntur.</span> <span class='ocrx_word' id='word_1_155' title='bbox 857 2170 1021 2221; x_wconf 83' lang='lat' dir='ltr'>Nempe</span> <span class='ocrx_word' id='word_1_156' title='bbox 1043 2169 1216 2211; x_wconf 84' lang='grc' dir='ltr'><em>Δεκάδα</em></span> <span class='ocrx_word' id='word_1_157' title='bbox 1244 2169 1366 2208; x_wconf 83' lang='lat' dir='ltr'><strong>istam</strong></span> <span class='ocrx_word' id='word_1_158' title='bbox 1396 2175 1621 2221; x_wconf 77' lang='lat' dir='ltr'><strong>tanquam,</strong></span> 
     </span>
     <span class='ocr_line' id='line_1_28' title="bbox 263 2223 1598 2278; baseline -0.001 -17"><span class='ocrx_word' id='word_1_159' title='bbox 263 2225 457 2262; x_wconf 76' lang='lat' dir='ltr'><strong>:normam</strong></span> <span class='ocrx_word' id='word_1_160' title='bbox 478 2224 566 2263; x_wconf 84' lang='lat' dir='ltr'>siue</span> <span class='ocrx_word' id='word_1_161' title='bbox 586 2223 753 2265; x_wconf 85' lang='grc' dir='ltr'><em>κανόνα</em></span> <span class='ocrx_word' id='word_1_162' title='bbox 774 2225 957 2264; x_wconf 83' lang='lat' dir='ltr'>Graecae</span> <span class='ocrx_word' id='word_1_163' title='bbox 982 2226 1243 2278; x_wconf 85' lang='lat' dir='ltr'>eloquentiae</span> <span class='ocrx_word' id='word_1_164' title='bbox 1274 2224 1472 2277; x_wconf 83' lang='lat' dir='ltr'><strong>proponit</strong></span> <span class='ocrx_word' id='word_1_165' title='bbox 1500 2223 1598 2264; x_wconf 85' lang='lat' dir='ltr'><strong>No..</strong></span> 
     </span>
     <span class='ocr_line' id='line_1_29' title="bbox 263 2279 1596 2333; baseline 0 -16"><span class='ocrx_word' id='word_1_166' title='bbox 263 2286 374 2328; x_wconf 84' lang='lat' dir='ltr'>ster,</span> <span class='ocrx_word' id='word_1_167' title='bbox 402 2281 528 2333; x_wconf 84' lang='lat' dir='ltr'>idque</span> <span class='ocrx_word' id='word_1_168' title='bbox 551 2294 630 2333; x_wconf 83' lang='lat' dir='ltr'><strong>pro</strong></span> <span class='ocrx_word' id='word_1_169' title='bbox 650 2280 775 2319; x_wconf 78' lang='lat' dir='ltr'><strong>libitu</strong></span> <span class='ocrx_word' id='word_1_170' title='bbox 796 2288 837 2319; x_wconf 83' lang='lat' dir='ltr'>et</span> <span class='ocrx_word' id='word_1_171' title='bbox 859 2288 980 2332; x_wconf 84' lang='lat' dir='ltr'>gustu</span> <span class='ocrx_word' id='word_1_172' title='bbox 997 2296 1068 2320; x_wconf 85' lang='grc'>5110</span> <span class='ocrx_word' id='word_1_173' title='bbox 1090 2282 1271 2324; x_wconf 80' lang='lat' dir='ltr'>scilicet:</span> <span class='ocrx_word' id='word_1_174' title='bbox 1314 2279 1425 2331; x_wconf 89' lang='lat' dir='ltr'>quod</span> <span class='ocrx_word' id='word_1_175' title='bbox 1455 2282 1596 2318; x_wconf 86' lang='lat' dir='ltr'><strong>omni..</strong></span> 
     </span>
     <span class='ocr_line' id='line_1_30' title="bbox 265 2336 1599 2391; baseline 0.002 -18"><span class='ocrx_word' id='word_1_176' title='bbox 265 2347 319 2373; x_wconf 84' lang='lat' dir='ltr'><strong>no</strong></span> <span class='ocrx_word' id='word_1_177' title='bbox 347 2336 590 2374; x_wconf 86' lang='lat' dir='ltr'>tenendum.</span> <span class='ocrx_word' id='word_1_178' title='bbox 653 2336 726 2374; x_wconf 83' lang='lat' dir='ltr'><strong>Est</strong></span> <span class='ocrx_word' id='word_1_179' title='bbox 760 2343 898 2376; x_wconf 79' lang='lat' dir='ltr'>autem</span> <span class='ocrx_word' id='word_1_180' title='bbox 928 2343 1106 2391; x_wconf 81' lang='grc' dir='ltr'><em>κορωνὶς</em></span> <span class='ocrx_word' id='word_1_181' title='bbox 1137 2353 1239 2391; x_wconf 79' lang='lat' dir='ltr'><strong>apex</strong></span> <span class='ocrx_word' id='word_1_182' title='bbox 1266 2336 1354 2374; x_wconf 84' lang='lat' dir='ltr'>siue</span> <span class='ocrx_word' id='word_1_183' title='bbox 1383 2339 1599 2376; x_wconf 69' lang='lat' dir='ltr'><strong>summitas</strong></span> 
     </span>
     <span class='ocr_line' id='line_1_31' title="bbox 262 2390 1599 2456; baseline 0.003 -27"><span class='ocrx_word' id='word_1_184' title='bbox 262 2390 439 2430; x_wconf 89' lang='lat' dir='ltr'><strong>alicuius</strong></span> <span class='ocrx_word' id='word_1_185' title='bbox 469 2392 547 2430; x_wconf 86' lang='lat' dir='ltr'><strong>rei.</strong></span> <span class='ocrx_word' id='word_1_186' title='bbox 601 2391 785 2444; x_wconf 87' lang='lat' dir='ltr'><strong>Etymol.</strong></span> <span class='ocrx_word' id='word_1_187' title='bbox 823 2406 863 2431; x_wconf 86' lang='lat' dir='ltr'><strong>v.</strong></span> <span class='ocrx_word' id='word_1_188' title='bbox 903 2396 1136 2446; x_wconf 85' lang='grc' dir='ltr'><em>Κορωνίσι.</em></span> <span class='ocrx_word' id='word_1_189' title='bbox 1193 2394 1407 2456; x_wconf 81' lang='grc' dir='ltr'><em>Σημαίνει</em></span> <span class='ocrx_word' id='word_1_190' title='bbox 1440 2396 1517 2432; x_wconf 79' lang='grc' dir='ltr'><strong>καὶ</strong></span> <span class='ocrx_word' id='word_1_191' title='bbox 1547 2391 1599 2433; x_wconf 77' lang='grc' dir='ltr'><strong>τό</strong></span> 
     </span>
     <span class='ocr_line' id='line_1_32' title="bbox 265 2440 1599 2501; baseline 0.001 -15"><span class='ocrx_word' id='word_1_192' title='bbox 265 2440 520 2499; x_wconf 78' lang='grc' dir='ltr'><em>οἷκρότὰτον</em></span> <span class='ocrx_word' id='word_1_193' title='bbox 539 2447 621 2489; x_wconf 80' lang='grc' dir='ltr'><strong>τῶν</strong></span> <span class='ocrx_word' id='word_1_194' title='bbox 651 2450 879 2499; x_wconf 79' lang='grc' dir='ltr'><em>αἱρέσεων,</em></span> <span class='ocrx_word' id='word_1_195' title='bbox 922 2450 1035 2499; x_wconf 85' lang='grc' dir='ltr'><em>οἷον,</em></span> <span class='ocrx_word' id='word_1_196' title='bbox 1075 2450 1102 2499; x_wconf 78' lang='grc' dir='ltr'><em>ἡ</em></span> <span class='ocrx_word' id='word_1_197' title='bbox 1121 2453 1296 2501; x_wconf 85' lang='grc' dir='ltr'><em>κορωνὶς</em></span> <span class='ocrx_word' id='word_1_198' title='bbox 1325 2447 1396 2495; x_wconf 76' lang='grc' dir='ltr'><strong>τῆς</strong></span> <span class='ocrx_word' id='word_1_199' title='bbox 1422 2450 1599 2498; x_wconf 83' lang='grc' dir='ltr'><strong>σοφίας.</strong></span> 
     </span>
    </p>
   </div>
   <div class='ocr_carea' id='block_1_14' title="bbox 264 2558 1601 2675">
    <p class='ocr_par' dir='ltr' id='par_1_14' title="bbox 264 2558 1601 2672">
     <span class='ocr_line' id='line_1_33' title="bbox 264 2558 1598 2616; baseline 0.001 -18"><span class='ocrx_word' id='word_1_200' title='bbox 264 2558 335 2607; x_wconf 74' lang='grc' dir='ltr'><strong>τῆς</strong></span> <span class='ocrx_word' id='word_1_201' title='bbox 357 2574 537 2614; x_wconf 84' lang='grc' dir='ltr'><em>πομπης</em></span> <span class='ocrx_word' id='word_1_202' title='bbox 557 2576 632 2600; x_wconf 82' lang='grc' dir='ltr'><strong>και</strong></span> <span class='ocrx_word' id='word_1_203' title='bbox 653 2559 901 2616; x_wconf 71' lang='grc' dir='ltr'><em>ὀφθαλμόν.</em></span> <span class='ocrx_word' id='word_1_204' title='bbox 957 2561 1085 2601; x_wconf 84' lang='lat' dir='ltr'>Recte</span> <span class='ocrx_word' id='word_1_205' title='bbox 1110 2567 1247 2600; x_wconf 79' lang='lat' dir='ltr'>autem</span> <span class='ocrx_word' id='word_1_206' title='bbox 1276 2559 1402 2613; x_wconf 78' lang='grc' dir='ltr'><em>λόγου</em></span> <span class='ocrx_word' id='word_1_207' title='bbox 1436 2558 1598 2604; x_wconf 77' lang='grc' dir='ltr'><em>παντός</em></span> 
     </span>
     <span class='ocr_line' id='line_1_34' title="bbox 264 2615 1601 2675; baseline 0.001 -20"><span class='ocrx_word' id='word_1_208' title='bbox 264 2619 341 2656; x_wconf 81' lang='grc' dir='ltr'><strong>καὶ</strong></span> <span class='ocrx_word' id='word_1_209' title='bbox 372 2615 664 2675; x_wconf 79' lang='grc' dir='ltr'><em>φρονήματος.</em></span> <span class='ocrx_word' id='word_1_210' title='bbox 723 2616 841 2667; x_wconf 79' lang='lat' dir='ltr'>Quae</span> <span class='ocrx_word' id='word_1_211' title='bbox 870 2618 1066 2672; x_wconf 80' lang='lat' dir='ltr'><strong>imperite</strong></span> <span class='ocrx_word' id='word_1_212' title='bbox 1095 2617 1320 2659; x_wconf 83' lang='lat' dir='ltr'><strong>admodum</strong></span> <span class='ocrx_word' id='word_1_213' title='bbox 1354 2615 1601 2657; x_wconf 81' lang='lat' dir='ltr'><strong>sollicitauit</strong></span> 
     </span>
    </p>
   </div>
  </div>
 </body>
</html>
