1718 3122
423 283 725 331 SECTION.
756 288 896 328 XLIV.
928 288 1124 342 §.nam
1359 294 1434 334 501

115 413 210 442 reie
241 408 414 441 constat.
472 401 555 440 Sed
583 400 690 438 nihil
719 406 781 438 est
811 399 855 437 in
885 398 1033 437 vicinis
1067 399 1226 450 verbis,
1254 401 1365 452 quod
1383 403 1435 442 (10

112 458 192 497 hac
224 457 522 509 significatione
551 461 727 494 moneat.
781 455 825 493 Si
843 467 933 492 rem
953 460 1205 505 spectamus,
1235 469 1312 507 pro
1331 458 1432 497 sim-

112 514 217 582 plici
251 527 288 552 v.
326 515 505 552 ἐπαίνου
546 512 652 550 bene
691 510 864 549 habeiet
892 509 966 550 τοῦ
1002 522 1123 559 παρα
1159 509 1237 550 τῶν
1269 513 1432 555 πολλῶν

112 571 303 609 ἐπαίνου.
359 567 439 606 Sed
459 573 613 605 tantam
637 566 828 604 lacunam
844 572 1003 605 10111010
1026 577 1110 602 non
1130 563 1291 616 fingam.
1327 567 1431 606 For·
1464 608 1467 613 ,

110 631 216 662 tasse
242 630 283 661 et
299 623 356 660 sic
378 623 555 660 verbum
577 622 658 660 erit
681 622 856 669 saluum,
881 627 929 661 vt
951 620 1001 658 de
1019 621 1329 671 intelligentium
1350 623 1428 660 ad-

113 692 162 717 eo
182 678 300 717 laude
327 677 483 716 dictum
503 684 708 729 putemus,
765 676 976 716 Nimirum
999 675 1088 714 sola
1109 675 1233 714 laude
1251 689 1335 714 non
1354 691 1429 715 ex-

109 734 292 772 citantur
309 746 454 784 magna
470 733 645 784 ingenia,
664 731 734 770 sed
754 745 895 778 rerum
908 731 1106 784 ipsarum,‘
1125 744 1224 782 quas
1236 738 1430 782 tractant,

108 789 363 828 sublimitate
394 795 435 827 et
466 788 790 840 magnificentia:
819 801 899 839 qua
931 800 1025 826 cum
1055 786 1281 825 efferantur
1301 788 1428 826 etiam

106 843 340 890 auditores,
368 844 483 896 quasi
503 844 773 882 inuentorum
791 843 1017 895 participes
1032 871 1042 891 ,
1069 848 1117 881 vt
1143 854 1182 893 7,
1207 854 1244 880 2.
1267 843 1429 894 egregie

107 899 286 947 dicitur,
326 906 479 950 quanto
509 899 634 950 magis
664 899 923 951 scriptores?
959 897 1044 945 Sed
1069 898 1192 936 tutius
1222 904 1284 942 est
1312 899 1429 950 sequi

104 954 242 1006 ipsum
265 961 486 995 auctorem.
525 954 748 993 sublimius
768 959 829 993 est
848 954 935 994 eius
952 960 1223 1006 praeceptum
1244 959 1286 993 et
1301 966 1427 1006 pror-

105 1023 175 1048 sus
214 1011 477 1049 seueritatem
517 1011 680 1048 Stoicae
719 1009 959 1061 disciplinae
998 1010 1115 1061 sapit.
1184 1011 1310 1050 Vsum
1352 1009 1427 1053 ille

106 1067 386 1118 (communem)
399 1067 576 1105 studiose
593 1067 857 1118 appetendum.
876 1073 914 1103 et
934 1069 1076 1118 magni
1087 1065 1326 1118 faciendum
1344 1080 1427 1103 esse

106 1120 326 1171 significat:
353 1121 397 1160 id
419 1122 531 1160 enim
564 1121 716 1159 volunt
735 1121 879 1169 verba,
916 1134 1010 1159 cum
1032 1120 1148 1169 dicit,
1178 1134 1252 1159 nos
1274 1121 1427 1159 debere

104 1175 270 1214 labores
293 1177 500 1228 suscipere
524 1183 566 1214 01
579 1177 630 1214 ad
649 1176 788 1214 studia
807 1176 1045 1214 incumbere
1061 1172 1183 1217 ἕνεκα
1201 1175 1272 1225 τῆς
1298 1171 1424 1229 ζῆλοι)

106 1234 180 1270 καὶ
211 1230 333 1284 τιμῆς
359 1230 483 1279 ἀξίας
504 1230 717 1282 ὠφελείας.
772 1230 861 1268 Hoc
882 1246 975 1269 vaus
996 1234 1218 1270 communis
1237 1232 1323 1269 siue
1341 1247 1423 1284 pu-

106 1287 201 1325 blici
226 1287 424 1334 studium,
452 1301 531 1338 quo
554 1287 839 1325 excitabantur
868 1286 969 1324 olim
996 1286 1042 1324 in
1063 1287 1279 1338 republica
1293 1287 1429 1326 libera

103 1342 332 1381 multorum
359 1342 506 1391 animi,
534 1343 633 1394 quin
663 1342 718 1382 sit
747 1341 862 1381 0111111
880 1342 998 1389 laude
1024 1342 1299 1394 praestantius
1308 1371 1323 1390 ,
1350 1355 1426 1383 ne·-

104 1398 210 1437 mini
227 1403 363 1449 potest
381 1410 467 1435 esse
484 1398 672 1443 dubium.

187 1452 227 1505 ς.
252 1465 312 1490 12.
350 1451 594 1505 Κράτιστον
626 1452 664 1492 δ’
687 1451 777 1502 εἰκῆ
796 1451 908 1493 ταῦτ’
941 1451 1035 1506 ἐᾷν]
1061 1453 1294 1500 Probabilis
1319 1452 1426 1492 mihi

102 1508 323 1548 videbatur
344 1509 447 1548 Tan.
474 1508 597 1548 Fabri
624 1509 883 1547 coniectura:
914 1508 1143 1561 κράτιστον
1171 1507 1214 1548 δ’
1230 1510 1293 1558 εἴη
1315 1507 1428 1548 ταῦτ’

104 1562 1426 1619 ἒᾷν.1111011111.Ε1100111.1)011108111.Ρ.497.,Αλλα“μη“νβε’λιιον

102 1623 167 1668 εἴη
189 1622 264 1659 καὶ
291 1619 424 1660 ταῦτα
443 1619 517 1668 ε’ᾇν
544 1624 587 1661 ἐν
608 1619 775 1671 άσαφεῖ
790 1622 974 1674 κείμενα.
1030 1619 1115 1658 Sed
1131 1620 1240 1658 nihil
1259 1626 1426 1658 mutan-

101 1675 215 1713 dum.
270 1673 343 1713 Est
371 1675 480 1713 enim
505 1689 647 1717 versus
676 1675 886 1727 Euripidis
918 1689 971 1715 ex
993 1675 1125 1722 Elect.
1130 1675 1249 1735 579.
1274 1675 1346 1716 vel
1371 1688 1425 1714 ex

102 1731 239 1782 Auge,
268 1730 376 1782 apud
393 1729 509 1783 Diog.
532 1730 666 1770 Laert.
688 1734 737 1774 ll.
761 1731 830 1770 33.

215 1784 461 1838 Κρατιστον
487 1786 578 1836 εἰκη
607 1785 716 1827 ταῦτ’
745 1787 818 1835 ἐᾷν
847 1785 1085 1841 ἀφειμένα.

104 1849 146 1882 01
163 1842 378 1881 001111110ἀο
397 1842 606 1894 particuIa
622 1842 686 1891 δὲ,
723 1842 836 1895 quod
859 1849 994 1884 metro
1015 1843 1167 1891 officit,
1196 1857 1221 1886 a
1236 1841 1319 1883 MS.
1342 1842 1425 1881 Pa.-

101 1898 231 1937 risino
262 1897 399 1946 abest,
446 1904 553 1936 teste
578 1896 717 1936 Isaaco
748 1897 902 1936 vossio.
944 1897 1239 1939 Rvnssnmvs.
1295 1898 1424 1936 Recte

102 1953 253 2002 Faber,
292 1952 538 2006 Κράτιστον
559 1951 599 1993 δ’
621 1955 698 2005 εἴη.
754 1952 834 1996 Sed
851 1960 894 1995 et
911 1953 1151 2005 legendum,
1175 1951 1424 2006 Κράτιστον

103 2008 145 2049 δ’
167 2010 284 2049 EIH
299 2010 420 2049 ΚΑΙ
436 2007 547 2049 ταῦτ
565 2008 650 2056 ἐᾷν.
683 2008 774 2050 Sed
789 2016 828 2048 et
845 1985 977 2048 haec:o
957 2012 1207 2077 praestiterit
1221 2012 1420 2048 omittere.

101 2064 134 2104 Ι
136 2064 270 2103 ucian.
300 2063 344 2101 in
382 2063 591 2103 0011108111.
618 2063 841 2102 Encomio:
878 2062 1001 2105 Amo?
1027 2065 1089 2120 μή
1122 2068 1193 2120 βέ)
1198 2080 1288 2106 τιον
1311 2066 1431 2105 EIH-

102 2122 224 2161 ΚΑΙ
241 2117 352 2160 ταῦῐ
371 2116 456 2167 ἐᾷν.
510 2119 573 2158 Ita
591 2119 829 2158 scribendus
846 2119 923 2158 iste
944 2120 1081 2170 locus,
1112 2121 1182 2172 qui
1200 2121 1325 2172 plane
1348 2134 1423 2172 gc-

102 2176 252 2214 mellus
282 2181 354 2213 est.
407 2174 582 2214 Nostrae
612 2181 749 2213 autem
770 2175 1049 2214 emendationi
1070 2177 1232 2214 obstare
1254 2176 1423 2214 videtur

101 2230 320 2282 Euripides
347 2230 391 2268 in
422 2229 554 2270 Elect.
577 2231 669 2283 379.
701 2236 742 2273 et
763 2231 807 2277 111
825 2231 935 2284 Auge
958 2232 1077 2284 apud
1084 2231 1291 2281 Lsssslsstsflg
1314 2231 1379 2270 33.
1399 2245 1424 2272 a

106 2287 157 2325 cl.
178 2285 428 2331 Ruhnkenio
448 2277 659 2326 laudatus:

217 2341 462 2394 Κράτιστον
490 2342 580 2394 εἰκῆ
610 2340 722 2383 ταῦτ’
745 2342 819 2390 ἑᾷν
847 2341 1084 2398 ἀφειμένα.

101 2397 186 2436 Sed
203 2405 379 2448 vtelque
398 2397 513 2443 locus
534 2397 809 2451 proculdubio
831 2399 1050 2437 mendosus
1069 2405 1142 2447 est,
1171 2405 1214 2437 et
1230 2398 1290 2437 ad
1303 2399 1422 2451 prio-

99 2466 195 2492 rem
221 2466 410 2491 normam
437 2467 533 2492 cori
536 2453 731 2506 igenduS„
774 2454 896 2502 Quod
912 2467 1014 2494 vero
1034 2454 1179 2495 scribit
1194 2455 1425 2507 Sophocles

105 2508 151 2545 in
172 2508 320 2559 oedip.
345 2508 447 2560 Tyr.
469 2512 563 2562 998.

214 2564 326 2613 Εἰκῆ
354 2564 580 2616 κράτιστον
614 2565 716 2624 ζῇν,
743 2562 858 2611 ὅπως
885 2566 1063 2610 δύναιτό
1086 2583 1171 2617 τις,

103 2633 170 2658 res
199 2620 321 2671 longe
355 2620 517 2660 diuersa
545 2628 626 2668 est,
663 2629 706 2661 ct
735 2623 841 2662 nihil
865 2623 934 2662 hic
966 2623 1079 2663 facit.
1134 2623 1254 2663 Nihil
1282 2629 1422 2664 autem

102 2675 241 2714 tritius
275 2683 345 2716 aut
381 2677 591 2717 solennius
624 2678 735 2732 apud
763 2679 942 2718 Graecos
973 2693 1095 2731 quam
1124 2679 1290 2733 phrasis
1322 2679 1422 2727 ista,
