1758 3162
552 300 952 349 EDITORIS.
1267 312 1401 360 xxxv

92 439 248 487 statim
278 436 404 483 'scire
442 435 648 500 cupiunt
669 471 683 495 ‚
738 453 839 500 quo
873 437 973 484 fere
1010 453 1153 485 sensu
1187 436 1285 485 hoc
1320 442 1398 488 vel

90 525 214 576 illud
230 526 435 574 verbum
457 523 741 588 multiplicis
763 525 1126 589 significationis
1146 544 1220 587 eo,
1252 545 1400 592 quem

87 630 306 664 notatum
325 613 517 674 vident,
542 614 657 660 loeo⁴
671 614 882 677 positum
902 615 987 675 sit,
1016 630 1061 663 et
1082 615 1206 680 quid
1230 630 1399 664 auctor

20 736 23 740 ‹
90 704 160 751 ibi
186 718 365 752 tractet.
411 702 537 749 Nam
563 703 646 762 iis,
676 702 762 766 qui
796 701 1014 751 discendi
1042 723 1180 751 causa
1206 723 1399 754 sensum

88 794 391 856 singulorum
403 793 630 840 locorum
654 790 880 855 indagare
906 794 1093 857 volunt,
1119 794 1222 841 aliis
1240 793 1396 841 modis

87 881 282 930 abunde
300 895 612 947 prospectum
634 895 713 929 est.

187 1008 534 1057 Praefationem
547 1008 656 1056 Tou
663 1008 734 1073 pii
751 1009 969 1058 omittere
989 1023 1261 1058 statuerams
1293 1008 1395 1059 Sed

87 1115 225 1145 secus
261 1097 502 1160 agendum
536 1097 789 1146 videbatur
824 1099 1115 1161 Weigeli03=
1137 1099 1395 1165 ‘quoniam

86 1187 394 1251 opinionibus
451 1187 590 1234 etiam
651 1186 906 1233 hominum
953 1188 1013 1235 sit
1067 1188 1394 1237 seruiendum.

86 1275 233 1322 Cuius
258 1292 344 1338 ego
367 1275 633 1323 auctoritati
653 1293 711 1323 eo
730 1276 916 1324 facilius
942 1277 1086 1339 cessi,
1120 1277 1256 1340 quod
1280 1295 1395 1325 con-

85 1364 259 1412 sultius
282 1363 561 1420 videbatur,
596 1365 686 1412 viri
714 1365 847 1412 docti
869 1365 1147 1430 sententiam
1180 1365 1241 1415 de
1264 1385 1394 1413 com-

85 1453 317 1502 mentario
342 1453 479 1502 Porti
515 1442 720 1502 lectores
756 1474 812 1503 ex
849 1455 1000 1519 ipsius
1030 1455 1188 1503 verbis
1216 1473 1394 1519 cogno·

85 1560 243 1605 scere,
277 1562 422 1608 quam
453 1544 570 1591 meis
605 1545 819 1592 breuiter
843 1544 1049 1591 relatam.
1118 1544 1210 1592 Illa
1243 1545 1395 1601 enim,

86 1651 234 1698 quam
268 1631 491 1697 Toupius
525 1632 706 1691 mouit,
764 1633 1045 1696 quaestione
1080 1649 1299 1698 excepta,
1355 1634 1396 1681 si

86 1736 357 1786 spectamus
389 1716 524 1786 quae⁴
548 1721 778 1785 prodesse
810 1737 891 1769 aut
922 1721 1163 1770 delectare
1185 1723 1395 1786 possint,

84 1811 259 1877 prioris
280 1810 483 1858 cuiusue
512 1810 707 1858 editoris
728 1813 957 1876 praefatio
978 1829 1069 1877 pro
1084 1811 1191 1873 illa,
1227 1813 1305 1859 vel
1331 1826 1395 1860 et-

84 1900 178 1948 iam
203 1918 313 1947 cum
332 1900 438 1963 illa,
473 1899 708 1965 potuisset
729 1902 894 1966 repeti.

186 2036 442 2101 Denique,
479 2049 530 2082 vt
549 2035 716 2099 paucis
748 2036 1068 2100 complectar,
1104 2053 1230 2099 quae
1251 2035 1398 2082 lecto-

89 2145 163 2176 res
196 2124 463 2187 intelligere
498 2124 667 2185 volui,
716 2124 977 2173 editionem
1018 2142 1104 2188 ego
1136 2125 1246 2170 libri
1285 2127 1401 2187 περὶ

91 2212 260 2277 ὕψους
296 2230 461 2279 parare
494 2212 685 2274 studui,
724 2229 792 2275 et,
829 2215 867 2262 si
902 2214 1021 2279 quid
1052 2215 1155 2277 ipse
1185 2212 1401 2261 iudicare

91 2322 314 2370 possum,
373 2302 539 2367 paraui
579 2304 804 2351 omnibus
841 2305 986 2352 rebus
1022 2302 1297 2351 necessariis
1331 2301 1403 2348 in-

93 2374 463 2441 structissituam.
511 2391 725 2441 Labores
745 2409 907 2443 autem
929 2394 1026 2441 hoc
1053 2410 1148 2440 non
1176 2392 1400 2452 molesto,

93 2482 182 2530 sed
219 2481 403 2528 difficili
432 2483 482 2528 in
520 2480 681 2529 studio
716 2482 897 2548 pertuli
933 2482 1176 2530 maximos,
1249 2479 1402 2527 Cuius

94 2573 281 2620 fructus
306 2585 356 2616 vt
378 2568 703 2619 studiosorum
724 2590 822 2642 non
850 2573 987 2621 beata
1018 2570 1232 2620 conditio
1257 2586 1405 2634 quam

96 2661 310 2726 primum
338 2673 382 2708 et
406 2657 507 2724 sing
533 2661 751 2716 molestia
781 2661 1035 2729 percipere
1059 2660 1209 2727 possit
1222 2697 1238 2720 ,
1276 2659 1406 2705 clau-

946 2748 974 2777 c
1009 2747 1035 2776 2
