1752 3118
491 292 701 343 LIBRI
734 295 798 341 Π.
836 296 918 341 Y
1295 308 1365 362 ιι]

29 440 229 488 nempe,
265 420 368 468 solo
403 418 705 481 Langbaenio
737 430 928 464 auctore
962 416 1099 464 illum
1130 417 1348 470 codicem
1405 455 1411 462 .

31 489 302 539 innotuisse.
368 488 443 534 De
487 503 544 532 eo
589 487 690 549 ipse
739 504 778 547 p.
821 488 924 530 115.
968 484 1085 531 haec
1131 486 1344 549 scripsit:

31 553 352 621 „Transmisit
382 555 492 600 item
510 557 542 582 “
579 553 669 616 (sc.
708 551 767 597 ad
795 568 868 597 me
903 550 1131 596 Patricius
1161 551 1347 617 lunius)

32 659 65 686 ‚‚
77 637 122 671 et
147 621 362 668 codicem
390 638 526 666 manu
556 619 785 682 scriptum
802 653 814 677 ‚
851 617 1081 681 ipsissima
1108 620 1347 679 nostvpca-

29 686 293 738 θεστάτου
323 689 564 749 Stephani
590 700 736 732 manu
762 699 1024 731 exaratum:
1063 684 1186 730 illud
1217 686 1347 734 enim
1418 683 1420 685 ¹

27 772 106 804 me
125 755 307 803 nescire
332 755 483 800 noluit
503 752 770 800 notissimae
793 750 1073 798 eruditionis
1093 751 1180 810 vir,
1205 756 1349 800 Heu·-

28 826 160 871 ricus
182 824 495 878 Hammond,
531 818 705 882 Regiae
730 818 955 864 maiestati
982 835 1006 863 a
1029 819 1183 864 sacris.
1243 818 1344 882 Ego

30 906 142 937 vero
170 889 329 934 nullus
366 886 560 945 dubito,
606 885 722 948 quin
757 885 856 932 MS.
885 884 967 931 hic
1003 884 1078 931 vel
1106 888 1347 934 Andreae

27 957 286 1013 Dudiclzz'i,
322 953 452 1013 Itali,
492 953 732 1017 peculium
767 952 882 999 olim
918 951 1084 1009 fuerit,
1120 953 1197 998 vel
1219 966 1347 1000 certe

27 1021 311 1070 Dudithiani
353 1019 532 1068 codicis
570 1018 929 1083 apographum,
977 1017 1156 1082 duplici
1195 1019 1342 1067 fretus

29 1088 244 1147 criteri03
281 1091 455 1147 altero,
492 1088 623 1150 quod
659 1087 781 1132 liber
820 1085 900 1133 hic
922 1086 1107 1132 notulas
1141 1085 1345 1134 subinde

28 1156 90 1203 ad
104 1154 358 1218 marginem
378 1154 545 1201 habeat
568 1153 724 1199 ltalica
743 1153 898 1211 lingua
924 1152 1220 1215 perscriptas,
1243 1170 1344 1216 quo

26 1223 102 1282 fit,
141 1234 189 1269 vt
213 1221 454 1285 Stephano
479 1218 770 1265 abiudicem:
807 1219 1012 1274 accedit,
1059 1217 1192 1281 quod
1214 1219 1346 1267 idem

25 1288 164 1352 plane
196 1288 371 1335 factum
393 1287 700 1333 obser-namus
726 1285 774 1331 in
811 1285 1023 1351 Dionysii
1051 1285 1346 1337 Halicarnas-

26 1355 97 1402 sei
117 1354 434 1418 manuscripto
460 1357 732 1410 Sat-iliano,
770 1352 852 1415 qui
872 1369 927 1398 ex
947 1350 1238 1398 Dudithiano
1262 1352 1345 1400 de-

25 1421 231 1485 scriptus
280 1435 361 1468 est.
511 1420 706 1468 Collatis
743 1418 1090 1481 exemplaribus
1115 1419 1344 1467 variantes

25 1489 262 1535 lectiones
293 1487 492 1550 collegi:
541 1487 880 1533 constitueram
920 1484 975 1532 ad
1012 1480 1155 1533 finem
1185 1486 1344 1550 operis

25 1555 115 1602 suh
139 1552 414 1618 adspectum
437 1553 575 1612 dare3
610 1553 695 1599 sed
720 1551 916 1599 dubium
940 1566 1062 1610 crat,
1092 1569 1148 1598 an
1173 1569 1346 1616 operae

26 1621 230 1686 pretium
266 1621 472 1667 facturus
513 1636 687 1666 essem:
737 1619 1046 1682 manuscripti
1082 1633 1232 1665 textus
1268 1620 1345 1667 vix

26 1701 107 1735 aut
128 1704 186 1734 ne
213 1687 290 1735 vix
316 1686 547 1749 discrepat
575 1687 634 1732 ab
660 1683 869 1732 editione
891 1687 1189 1744 Robortelli5
1226 1704 1346 1733 mar·-

27 1755 157 1818 gines
188 1754 510 1801 correctiones
540 1752 731 1799 habent*
755 1753 861 1797 satis
898 1753 1092 1808 multas,
1129 1750 1212 1798 sed
1246 1764 1346 1801 non

28 1821 279 1881 alias-fere,
317 1838 453 1885 quam
482 1837 595 1882 quas
620 1818 867 1882 Crispinus
890 1821 962 1880 (vt
984 1835 1206 1882 auguror,
1231 1818 1347 1866 inde

27 1889 290 1950 desumws)
324 1888 527 1935 exhibet.
626 1886 760 1941 Quae
791 1901 1027 1948 practerea
1059 1897 1221 1932 notatu
1246 1903 1346 1934 non

26 1954 221 2017 indigna
235 1969 367 2014 sunt,
394 1954 480 2000 sul»
493 1955 735 2018 Stephani
751 1953 940 2000 nomine
954 1953 1004 1999 in
1026 1953 1150 2000 notis
1170 1952 1344 2001 nostris

27 2021 112 2073 hio
131 2023 231 2068 illic
251 2021 403 2086 posui.
417 2026 446 2050 “

56 2113 61 2118 ·
129 2089 230 2136 Iam
267 2090 398 2150 loca,
445 2089 524 2135 vbi
571 2088 898 2151 Langbaenius
943 2084 1164 2135 codicem
1206 2086 1346 2136 illum

3 2182 6 2214 ÷
30 2160 393 2214 commemorat,
415 2156 643 2218 Stephani
665 2157 800 2202 etiam
821 2155 1011 2202 nomine
1036 2154 1344 2214 abutensille,

4 2235 6 2270 ὲ
33 2221 265 2271 indicabo.
320 2223 526 2269 Primum
552 2227 618 2285 (p.
648 2224 728 2279 58)
752 2223 800 2268 in
822 2236 939 2269 nott.
961 2221 1018 2267 ad
1045 2225 1102 2280 4,
1126 2225 1169 2268 b.
1191 2233 1348 2267 osten-

4 2279 5 2295 *
34 2289 129 2349 dit,
167 2288 343 2337 dictum
376 2290 435 2335 de
465 2289 647 2351 κόραις
681 2291 737 2336 ἐν
767 2290 989 2351 ὄμμασι,
1023 2292 1098 2351 μή
1129 2284 1348 2349 πόρναις

32 2358 198 2404 referri
235 2376 258 2403 a
291 2358 567 2417 Plutarcho,
625 2355 757 2420 quod
799 2355 899 2415 „ad
933 2361 1111 2413 oras,“
1164 2354 1348 2417 inquit,

33 2460 64 2487 „
91 2424 391 2487 manuscripti
444 2427 648 2472 Iuniani
691 2423 937 2470 annotauit
996 2421 1264 2485 Stephanus
1320 2421 1350 2468 ὁ

33 2491 339 2554 μακαρίτης.
361 2499 387 2519 “
464 2492 648 2537 Deinde
684 2493 771 2552 (p.
811 2496 904 2551 49)
951 2489 1008 2535 ad
1041 2506 1095 2550 9,
1133 2494 1175 2536 4.
1225 2487 1348 2547 Ἐγώ

33 2561 131 2622 μὲν
167 2556 632 2621 ι)()κέσι9ην,-,ᾲίεἰῑ;
665 2557 908 2617 „Locum
944 2556 1074 2602 hunc
1105 2554 1351 2602 Plutarchi

34 2624 94 2672 ad
130 2643 232 2671 oras
287 2623 475 2671 exhibet
528 2625 680 2672 codex
732 2627 987 2672 Iurzianus.
1018 2627 1049 2651 “
1126 2621 1206 2670 Ad
1253 2625 1315 2669 52
1334 2656 1348 2680 ,

36 2695 81 2741 5.
150 2692 262 2740 item
308 2695 386 2757 (p.
434 2692 529 2757 98)
556 2709 570 2755 Ξ
636 2726 672 2754 „
697 2705 745 2740 et
793 2690 1069 2741 Robortelli
1118 2687 1266 2737 editio
1303 2701 1351 2736 et

873 2757 906 2805 d
942 2775 968 2804 2
