<?xml version="1.0" encoding="UTF-8"?>
<!DOCTYPE html PUBLIC "-//W3C//DTD XHTML 1.0 Transitional//EN"
    "http://www.w3.org/TR/xhtml1/DTD/xhtml1-transitional.dtd">
<html xmlns="http://www.w3.org/1999/xhtml" xml:lang="en" lang="en">
 <head>
  <title>
</title>
<meta http-equiv="Content-Type" content="text/html;charset=utf-8" />
  <meta name='ocr-system' content='tesseract 3.04.00' />
  <meta name='ocr-capabilities' content='ocr_page ocr_carea ocr_par ocr_line ocrx_word'/>
</head>
<body>
  <div class='ocr_page' id='page_1' title='image "./dionysiilonginid00long_0684.png"; bbox 0 0 1718 3122; ppageno 0'>
   <div class='ocr_carea' id='block_1_1' title="bbox 285 260 1291 310">
    <p class='ocr_par' dir='ltr' id='par_1_1' title="bbox 285 260 1291 310">
     <span class='ocr_line' id='line_1_1' title="bbox 285 260 1291 310; baseline -0.006 0"><span class='ocrx_word' id='word_1_1' title='bbox 285 270 368 310; x_wconf 81' lang='lat'>510</span> <span class='ocrx_word' id='word_1_2' title='bbox 622 260 847 303; x_wconf 73' lang='lat' dir='ltr'><strong>NOTAE</strong></span> <span class='ocrx_word' id='word_1_3' title='bbox 886 262 967 302; x_wconf 78' lang='lat' dir='ltr'>AD</span> <span class='ocrx_word' id='word_1_4' title='bbox 1007 261 1291 304; x_wconf 90' lang='lat' dir='ltr'><strong>LONGINI</strong></span> 
     </span>
    </p>
   </div>
   <div class='ocr_carea' id='block_1_2' title="bbox 278 371 1611 707">
    <p class='ocr_par' dir='ltr' id='par_1_2' title="bbox 281 371 1607 490">
     <span class='ocr_line' id='line_1_2' title="bbox 282 371 1607 430; baseline -0.005 -12"><span class='ocrx_word' id='word_1_5' title='bbox 282 379 415 418; x_wconf 85' lang='lat' dir='ltr'>detnr&#39;</span> <span class='ocrx_word' id='word_1_6' title='bbox 437 374 726 430; x_wconf 66' lang='lat' dir='ltr'>esse&#39;Apollo:</span> <span class='ocrx_word' id='word_1_7' title='bbox 771 371 868 418; x_wconf 79' lang='lat' dir='ltr'>nam</span> <span class='ocrx_word' id='word_1_8' title='bbox 901 376 1091 418; x_wconf 67' lang='lat' dir='ltr'>versibus</span> <span class='ocrx_word' id='word_1_9' title='bbox 1131 376 1207 414; x_wconf 89' lang='lat' dir='ltr'>ille</span> <span class='ocrx_word' id='word_1_10' title='bbox 1219 373 1224 388; x_wconf 77' lang='lat'><strong>²</strong></span> <span class='ocrx_word' id='word_1_11' title='bbox 1248 375 1395 415; x_wconf 84' lang='lat' dir='ltr'><strong>edebat</strong></span> <span class='ocrx_word' id='word_1_12' title='bbox 1419 375 1607 414; x_wconf 87' lang='lat' dir='ltr'>oracula:</span> 
     </span>
     <span class='ocr_line' id='line_1_3' title="bbox 281 433 1006 490; baseline -0.001 -17"><span class='ocrx_word' id='word_1_13' title='bbox 281 441 329 473; x_wconf 68' lang='lat' dir='ltr'>et</span> <span class='ocrx_word' id='word_1_14' title='bbox 345 435 386 489; x_wconf 79' lang='lat'>§.</span> <span class='ocrx_word' id='word_1_15' title='bbox 409 434 630 490; x_wconf 69' lang='grc' dir='ltr'>6.ῑμ”έτρων</span> <span class='ocrx_word' id='word_1_16' title='bbox 649 433 811 487; x_wconf 75' lang='grc' dir='ltr'><strong><em>εὑρετής</em></strong></span> <span class='ocrx_word' id='word_1_17' title='bbox 839 434 1006 473; x_wconf 84' lang='lat' dir='ltr'>dicitur.</span> 
     </span>
    </p>

    <p class='ocr_par' dir='ltr' id='par_1_3' title="bbox 278 485 1611 707">
     <span class='ocr_line' id='line_1_4' title="bbox 370 485 1607 544; baseline -0.005 -15"><span class='ocrx_word' id='word_1_18' title='bbox 370 490 411 544; x_wconf 78' lang='lat'>§.</span> <span class='ocrx_word' id='word_1_19' title='bbox 432 502 472 529; x_wconf 84' lang='lat'>2.</span> <span class='ocrx_word' id='word_1_20' title='bbox 500 486 719 537; x_wconf 77' lang='grc' dir='ltr'><strong><em>Φιλόξενος</em></strong></span> <span class='ocrx_word' id='word_1_21' title='bbox 816 489 1089 544; x_wconf 78' lang='grc' dir='ltr'><strong><em>Ἡλιόδωρος]</em></strong></span> <span class='ocrx_word' id='word_1_22' title='bbox 1124 488 1381 528; x_wconf 59' lang='lat' dir='ltr'>Philoxenus&lt;</span> <span class='ocrx_word' id='word_1_23' title='bbox 1405 485 1607 524; x_wconf 86' lang='lat' dir='ltr'>Heinekio</span> 
     </span>
     <span class='ocr_line' id='line_1_5' title="bbox 281 541 1610 597; baseline -0.005 -12"><span class='ocrx_word' id='word_1_24' title='bbox 281 545 457 586; x_wconf 66' lang='lat' dir='ltr'>videtur</span> <span class='ocrx_word' id='word_1_25' title='bbox 478 558 565 584; x_wconf 74' lang='lat' dir='ltr'>esse</span> <span class='ocrx_word' id='word_1_26' title='bbox 588 545 878 597; x_wconf 87' lang='lat' dir='ltr'>grammaticus</span> <span class='ocrx_word' id='word_1_27' title='bbox 895 545 1220 590; x_wconf 78' lang='lat' dir='ltr'>Alexandrinus,</span> <span class='ocrx_word' id='word_1_28' title='bbox 1259 543 1311 582; x_wconf 88' lang='lat' dir='ltr'>de</span> <span class='ocrx_word' id='word_1_29' title='bbox 1339 557 1421 595; x_wconf 88' lang='lat' dir='ltr'>quo</span> <span class='ocrx_word' id='word_1_30' title='bbox 1448 541 1610 589; x_wconf 81' lang='lat' dir='ltr'>Suidas,</span> 
     </span>
     <span class='ocr_line' id='line_1_6' title="bbox 278 599 1610 641; baseline -0.004 0"><span class='ocrx_word' id='word_1_31' title='bbox 278 608 331 641; x_wconf 62' lang='grc' dir='ltr'>εἴ</span> <span class='ocrx_word' id='word_1_32' title='bbox 345 600 563 640; x_wconf 76' lang='lat' dir='ltr'><strong>Fabricius-</strong></span> <span class='ocrx_word' id='word_1_33' title='bbox 578 601 623 638; x_wconf 93' lang='lat' dir='ltr'>in</span> <span class='ocrx_word' id='word_1_34' title='bbox 643 599 749 639; x_wconf 87' lang='lat' dir='ltr'>Bibl.</span> <span class='ocrx_word' id='word_1_35' title='bbox 763 600 834 639; x_wconf 91' lang='lat' dir='ltr'>Gr.</span> <span class='ocrx_word' id='word_1_36' title='bbox 854 600 899 640; x_wconf 95' lang='lat' dir='ltr'>L.</span> <span class='ocrx_word' id='word_1_37' title='bbox 916 600 965 639; x_wconf 86' lang='grc' dir='ltr'>Π.</span> <span class='ocrx_word' id='word_1_38' title='bbox 986 614 1021 639; x_wconf 90' lang='lat' dir='ltr'>c.</span> <span class='ocrx_word' id='word_1_39' title='bbox 1043 601 1079 640; x_wconf 87' lang='lat'>5.</span> <span class='ocrx_word' id='word_1_40' title='bbox 1107 600 1372 641; x_wconf 70' lang='lat' dir='ltr'>Ileliodorum</span> <span class='ocrx_word' id='word_1_41' title='bbox 1391 599 1503 636; x_wconf 84' lang='lat' dir='ltr'>idem</span> <span class='ocrx_word' id='word_1_42' title='bbox 1523 604 1610 636; x_wconf 88' lang='lat' dir='ltr'>sta-</span> 
     </span>
     <span class='ocr_line' id='line_1_7' title="bbox 281 656 1611 707; baseline -0.004 -10"><span class='ocrx_word' id='word_1_43' title='bbox 281 658 369 697; x_wconf 73' lang='lat' dir='ltr'>tuit</span> <span class='ocrx_word' id='word_1_44' title='bbox 384 670 469 700; x_wconf 72' lang='lat' dir='ltr'>esse</span> <span class='ocrx_word' id='word_1_45' title='bbox 492 659 732 704; x_wconf 71' lang='lat' dir='ltr'>metricum,</span> <span class='ocrx_word' id='word_1_46' title='bbox 762 669 885 707; x_wconf 87' lang='lat' dir='ltr'>quem</span> <span class='ocrx_word' id='word_1_47' title='bbox 905 656 1006 694; x_wconf 88' lang='lat' dir='ltr'>item</span> <span class='ocrx_word' id='word_1_48' title='bbox 1030 656 1178 695; x_wconf 90' lang='lat' dir='ltr'>Suidas</span> <span class='ocrx_word' id='word_1_49' title='bbox 1213 661 1537 702; x_wconf 82' lang='lat' dir='ltr'><strong>commemorat,</strong></span> <span class='ocrx_word' id='word_1_50' title='bbox 1569 661 1611 692; x_wconf 89' lang='lat' dir='ltr'>et</span> 
     </span>
    </p>
   </div>
   <div class='ocr_carea' id='block_1_3' title="bbox 284 710 1664 767">
    <p class='ocr_par' dir='ltr' id='par_1_4' title="bbox 284 699 1718 767">
     <span class='ocr_line' id='line_1_8' title="bbox 284 710 1664 767; baseline -0.003 -15"><span class='ocrx_word' id='word_1_51' title='bbox 284 712 497 753; x_wconf 77' lang='lat' dir='ltr'><strong>Fabricius</strong></span> <span class='ocrx_word' id='word_1_52' title='bbox 518 712 549 750; x_wconf 88' lang='lat'>1.</span> <span class='ocrx_word' id='word_1_53' title='bbox 566 712 594 749; x_wconf 90' lang='lat' dir='ltr'>l.</span> <span class='ocrx_word' id='word_1_54' title='bbox 618 724 653 749; x_wconf 88' lang='lat' dir='ltr'>c.</span> <span class='ocrx_word' id='word_1_55' title='bbox 674 724 710 767; x_wconf 95' lang='lat'>7.</span> <span class='ocrx_word' id='word_1_56' title='bbox 728 711 848 750; x_wconf 58' lang='lat' dir='ltr'>&gt;Nam</span> <span class='ocrx_word' id='word_1_57' title='bbox 866 711 967 749; x_wconf 88' lang='lat' dir='ltr'>huic</span> <span class='ocrx_word' id='word_1_58' title='bbox 986 718 1098 751; x_wconf 84' lang='lat' dir='ltr'>certe</span> <span class='ocrx_word' id='word_1_59' title='bbox 1119 710 1390 750; x_wconf 80' lang='lat' dir='ltr'>verisimilius</span> <span class='ocrx_word' id='word_1_60' title='bbox 1412 710 1611 748; x_wconf 82' lang='lat' dir='ltr'><strong>tribuitur</strong></span> <span class='ocrx_word' id='word_1_61' title='bbox 1660 751 1664 754; x_wconf 72' lang='grc'><strong>,</strong></span> 
     </span>
    </p>
   </div>
   <div class='ocr_carea' id='block_1_4' title="bbox 231 763 1681 2597">
    <p class='ocr_par' dir='ltr' id='par_1_5' title="bbox 283 763 1611 929">
     <span class='ocr_line' id='line_1_9' title="bbox 283 763 1611 819; baseline -0.005 -13"><span class='ocrx_word' id='word_1_62' title='bbox 283 768 395 808; x_wconf 81' lang='lat' dir='ltr'>liber</span> <span class='ocrx_word' id='word_1_63' title='bbox 415 768 465 805; x_wconf 88' lang='lat' dir='ltr'>de</span> <span class='ocrx_word' id='word_1_64' title='bbox 487 767 656 815; x_wconf 87' lang='lat' dir='ltr'>metris,</span> <span class='ocrx_word' id='word_1_65' title='bbox 695 780 817 819; x_wconf 85' lang='lat' dir='ltr'>quam</span> <span class='ocrx_word' id='word_1_66' title='bbox 837 766 1062 805; x_wconf 79' lang='lat' dir='ltr'>Heliodoro</span> <span class='ocrx_word' id='word_1_67' title='bbox 1080 767 1145 804; x_wconf 86' lang='lat' dir='ltr'>illi</span> <span class='ocrx_word' id='word_1_68' title='bbox 1173 763 1456 804; x_wconf 71' lang='lat' dir='ltr'>Alexandrino</span> <span class='ocrx_word' id='word_1_69' title='bbox 1469 795 1483 812; x_wconf 93' lang='lat'><em>‚</em></span> <span class='ocrx_word' id='word_1_70' title='bbox 1512 766 1611 818; x_wconf 82' lang='lat' dir='ltr'>phi..</span> 
     </span>
     <span class='ocr_line' id='line_1_10' title="bbox 283 821 1611 876; baseline -0.001 -14"><span class='ocrx_word' id='word_1_71' title='bbox 283 823 460 875; x_wconf 85' lang='lat' dir='ltr'>losopho</span> <span class='ocrx_word' id='word_1_72' title='bbox 493 821 793 873; x_wconf 82' lang='lat' dir='ltr'>Peripatetico,</span> <span class='ocrx_word' id='word_1_73' title='bbox 828 834 951 873; x_wconf 86' lang='lat' dir='ltr'>quem</span> <span class='ocrx_word' id='word_1_74' title='bbox 992 821 1216 861; x_wconf 87' lang='lat' dir='ltr'>secundum</span> <span class='ocrx_word' id='word_1_75' title='bbox 1261 821 1410 872; x_wconf 77' lang='lat' dir='ltr'>fragm.</span> <span class='ocrx_word' id='word_1_76' title='bbox 1440 822 1479 860; x_wconf 86' lang='lat'>5.</span> <span class='ocrx_word' id='word_1_77' title='bbox 1503 821 1544 876; x_wconf 60' lang='grc' dir='ltr'>ς.</span> <span class='ocrx_word' id='word_1_78' title='bbox 1573 835 1611 861; x_wconf 85' lang='lat'>2.</span> 
     </span>
     <span class='ocr_line' id='line_1_11' title="bbox 283 876 740 929; baseline -0.004 -11"><span class='ocrx_word' id='word_1_79' title='bbox 283 878 493 929; x_wconf 83' lang='lat' dir='ltr'>Longinus</span> <span class='ocrx_word' id='word_1_80' title='bbox 512 876 740 916; x_wconf 77' lang='lat' dir='ltr'>audiuerat.</span> 
     </span>
    </p>

    <p class='ocr_par' dir='ltr' id='par_1_6' title="bbox 231 931 1615 1210">
     <span class='ocr_line' id='line_1_12' title="bbox 370 931 1612 987; baseline 0.001 -16"><span class='ocrx_word' id='word_1_81' title='bbox 370 933 411 987; x_wconf 69' lang='grc' dir='ltr'>ς.</span> <span class='ocrx_word' id='word_1_82' title='bbox 432 933 471 971; x_wconf 78' lang='lat'>3.</span> <span class='ocrx_word' id='word_1_83' title='bbox 502 932 741 973; x_wconf 77' lang='grc' dir='ltr'><em>ἑκτείνουσά</em></span> <span class='ocrx_word' id='word_1_84' title='bbox 761 947 801 974; x_wconf 82' lang='grc' dir='ltr'>τε</span> <span class='ocrx_word' id='word_1_85' title='bbox 820 936 897 973; x_wconf 78' lang='grc' dir='ltr'>καὶ</span> <span class='ocrx_word' id='word_1_86' title='bbox 925 933 1056 986; x_wconf 60' lang='lat' dir='ltr'>avora]</span> <span class='ocrx_word' id='word_1_87' title='bbox 1088 931 1249 972; x_wconf 87' lang='lat' dir='ltr'>Clarius</span> <span class='ocrx_word' id='word_1_88' title='bbox 1265 932 1346 972; x_wconf 87' lang='lat' dir='ltr'>hoc</span> <span class='ocrx_word' id='word_1_89' title='bbox 1372 934 1420 971; x_wconf 83' lang='lat' dir='ltr'>fit</span> <span class='ocrx_word' id='word_1_90' title='bbox 1437 947 1459 972; x_wconf 93' lang='lat' dir='ltr'>e</span> <span class='ocrx_word' id='word_1_91' title='bbox 1481 933 1522 987; x_wconf 61' lang='grc' dir='ltr'>ς.</span> <span class='ocrx_word' id='word_1_92' title='bbox 1544 948 1612 972; x_wconf 87' lang='lat' dir='ltr'>se-</span> 
     </span>
     <span class='ocr_line' id='line_1_13' title="bbox 282 987 1613 1044; baseline 0 -17"><span class='ocrx_word' id='word_1_93' title='bbox 282 988 441 1042; x_wconf 81' lang='lat' dir='ltr'>quenti.</span> <span class='ocrx_word' id='word_1_94' title='bbox 497 987 608 1026; x_wconf 81' lang='lat' dir='ltr'>Nam</span> <span class='ocrx_word' id='word_1_95' title='bbox 630 989 851 1028; x_wconf 77' lang='lat' dir='ltr'>obscurare</span> <span class='ocrx_word' id='word_1_96' title='bbox 882 990 1129 1044; x_wconf 83' lang='lat' dir='ltr'>penitusque</span> <span class='ocrx_word' id='word_1_97' title='bbox 1161 989 1414 1027; x_wconf 85' lang='lat' dir='ltr'>abscondere</span> <span class='ocrx_word' id='word_1_98' title='bbox 1447 1003 1613 1028; x_wconf 86' lang='lat' dir='ltr'>versum</span> 
     </span>
     <span class='ocr_line' id='line_1_14' title="bbox 284 1042 1613 1138; baseline 0 -56"><span class='ocrx_word' id='word_1_99' title='bbox 284 1050 423 1097; x_wconf 80' lang='lat' dir='ltr'>potest</span> <span class='ocrx_word' id='word_1_100' title='bbox 464 1044 771 1138; x_wconf 44' lang='lat' dir='ltr'>pronumss&#39;sstio,</span> <span class='ocrx_word' id='word_1_101' title='bbox 806 1042 975 1098; x_wconf 82' lang='lat' dir='ltr'>syllabis</span> <span class='ocrx_word' id='word_1_102' title='bbox 1007 1045 1142 1096; x_wconf 82' lang='lat' dir='ltr'>longis</span> <span class='ocrx_word' id='word_1_103' title='bbox 1170 1045 1292 1083; x_wconf 84' lang='lat' dir='ltr'>valde</span> <span class='ocrx_word' id='word_1_104' title='bbox 1324 1044 1613 1096; x_wconf 82' lang='lat' dir='ltr'>producendis,</span> 
     </span>
     <span class='ocr_line' id='line_1_15' title="bbox 284 1099 1615 1153; baseline 0 -14"><span class='ocrx_word' id='word_1_105' title='bbox 284 1099 630 1150; x_wconf 86' lang='lat' dir='ltr'>&#39;breuioribusque</span> <span class='ocrx_word' id='word_1_106' title='bbox 684 1114 708 1138; x_wconf 84' lang='lat' dir='ltr'>a</span> <span class='ocrx_word' id='word_1_107' title='bbox 729 1102 883 1152; x_wconf 84' lang='lat' dir='ltr'>raptim</span> <span class='ocrx_word' id='word_1_108' title='bbox 897 1100 1120 1153; x_wconf 83' lang='lat' dir='ltr'>efferendis</span> <span class='ocrx_word' id='word_1_109' title='bbox 1133 1129 1144 1149; x_wconf 88' lang='lat'>‚</span> <span class='ocrx_word' id='word_1_110' title='bbox 1172 1106 1220 1138; x_wconf 86' lang='lat' dir='ltr'>vt</span> <span class='ocrx_word' id='word_1_111' title='bbox 1238 1105 1382 1138; x_wconf 86' lang='lat' dir='ltr'>ternae</span> <span class='ocrx_word' id='word_1_112' title='bbox 1400 1101 1471 1138; x_wconf 86' lang='lat' dir='ltr'>vel</span> <span class='ocrx_word' id='word_1_113' title='bbox 1490 1101 1615 1139; x_wconf 86' lang='lat' dir='ltr'>etiam</span> 
     </span>
     <span class='ocr_line' id='line_1_16' title="bbox 231 1155 1614 1210; baseline 0 -15"><span class='ocrx_word' id='word_1_114' title='bbox 231 1191 235 1195; x_wconf 92' lang='grc'><em>,</em></span> <span class='ocrx_word' id='word_1_115' title='bbox 285 1161 514 1210; x_wconf 62' lang='lat' dir='ltr'>quaternae</span> <span class='ocrx_word' id='word_1_116' title='bbox 531 1155 657 1194; x_wconf 81' lang='lat' dir='ltr'>vnius</span> <span class='ocrx_word' id='word_1_117' title='bbox 675 1162 838 1195; x_wconf 83' lang='lat' dir='ltr'>tantum</span> <span class='ocrx_word' id='word_1_118' title='bbox 861 1157 1005 1208; x_wconf 84' lang='lat' dir='ltr'>longae</span> <span class='ocrx_word' id='word_1_119' title='bbox 1023 1155 1190 1194; x_wconf 90' lang='lat' dir='ltr'>modum</span> <span class='ocrx_word' id='word_1_120' title='bbox 1210 1155 1365 1194; x_wconf 81' lang='lat' dir='ltr'>habere</span> <span class='ocrx_word' id='word_1_121' title='bbox 1377 1155 1614 1195; x_wconf 78' lang='lat' dir='ltr'>videantur,</span> 
     </span>
    </p>

    <p class='ocr_par' dir='ltr' id='par_1_7' title="bbox 371 1209 1612 1267">
     <span class='ocr_line' id='line_1_17' title="bbox 371 1209 1612 1267; baseline 0.002 -20"><span class='ocrx_word' id='word_1_122' title='bbox 371 1210 465 1264; x_wconf 58' lang='lat'>314.</span> <span class='ocrx_word' id='word_1_123' title='bbox 494 1209 583 1250; x_wconf 81' lang='grc' dir='ltr'>Διοί</span> <span class='ocrx_word' id='word_1_124' title='bbox 599 1210 738 1264; x_wconf 78' lang='grc' dir='ltr'><em>τοῦτο]</em></span> <span class='ocrx_word' id='word_1_125' title='bbox 772 1212 862 1253; x_wconf 88' lang='lat' dir='ltr'>scil.</span> <span class='ocrx_word' id='word_1_126' title='bbox 885 1210 958 1251; x_wconf 79' lang='grc' dir='ltr'><em>διοὶ</em></span> <span class='ocrx_word' id='word_1_127' title='bbox 979 1210 1026 1251; x_wconf 79' lang='grc' dir='ltr'>τό</span> <span class='ocrx_word' id='word_1_128' title='bbox 1047 1209 1193 1261; x_wconf 75' lang='grc' dir='ltr'><em>φωνήν</em></span> <span class='ocrx_word' id='word_1_129' title='bbox 1212 1211 1324 1252; x_wconf 79' lang='grc' dir='ltr'><em>εἶναι</em></span> <span class='ocrx_word' id='word_1_130' title='bbox 1343 1211 1392 1252; x_wconf 78' lang='grc' dir='ltr'>τό</span> <span class='ocrx_word' id='word_1_131' title='bbox 1411 1212 1612 1267; x_wconf 76' lang='grc' dir='ltr'><em>κοσμοῦν.</em></span> 
     </span>
    </p>

    <p class='ocr_par' dir='ltr' id='par_1_8' title="bbox 282 1264 1616 1766">
     <span class='ocr_line' id='line_1_18' title="bbox 372 1264 1613 1321; baseline -0.002 -15"><span class='ocrx_word' id='word_1_132' title='bbox 372 1264 552 1309; x_wconf 78' lang='grc' dir='ltr'><strong><em>πτώσεις</em></strong></span> <span class='ocrx_word' id='word_1_133' title='bbox 571 1265 678 1318; x_wconf 75' lang='grc' dir='ltr'><em>πρὸς</em></span> <span class='ocrx_word' id='word_1_134' title='bbox 700 1267 810 1307; x_wconf 81' lang='grc' dir='ltr'><em>ἄλλα</em></span> <span class='ocrx_word' id='word_1_135' title='bbox 824 1268 976 1321; x_wconf 77' lang='grc' dir='ltr'><strong><em>μέτρα]</em></strong></span> <span class='ocrx_word' id='word_1_136' title='bbox 1008 1266 1115 1305; x_wconf 87' lang='lat' dir='ltr'>Puto</span> <span class='ocrx_word' id='word_1_137' title='bbox 1152 1280 1221 1304; x_wconf 84' lang='lat' dir='ltr'>eas</span> <span class='ocrx_word' id='word_1_138' title='bbox 1255 1279 1361 1315; x_wconf 88' lang='lat' dir='ltr'>esse,</span> <span class='ocrx_word' id='word_1_139' title='bbox 1392 1281 1491 1319; x_wconf 82' lang='lat' dir='ltr'>quas</span> <span class='ocrx_word' id='word_1_140' title='bbox 1522 1268 1613 1320; x_wconf 86' lang='lat' dir='ltr'>quis</span> 
     </span>
     <span class='ocr_line' id='line_1_19' title="bbox 285 1322 1614 1374; baseline -0.002 -11"><span class='ocrx_word' id='word_1_141' title='bbox 285 1322 378 1363; x_wconf 83' lang='lat' dir='ltr'>fieri</span> <span class='ocrx_word' id='word_1_142' title='bbox 396 1322 524 1370; x_wconf 86' lang='lat' dir='ltr'>velit,</span> <span class='ocrx_word' id='word_1_143' title='bbox 553 1322 820 1368; x_wconf 86' lang='lat' dir='ltr'>mutationes,</span> <span class='ocrx_word' id='word_1_144' title='bbox 851 1335 957 1374; x_wconf 86' lang='lat' dir='ltr'>quae</span> <span class='ocrx_word' id='word_1_145' title='bbox 978 1322 1175 1361; x_wconf 86' lang='lat' dir='ltr'>oriuntur</span> <span class='ocrx_word' id='word_1_146' title='bbox 1196 1335 1249 1361; x_wconf 83' lang='lat' dir='ltr'>ex</span> <span class='ocrx_word' id='word_1_147' title='bbox 1267 1323 1517 1374; x_wconf 86' lang='lat' dir='ltr'>ancipitibus</span> <span class='ocrx_word' id='word_1_148' title='bbox 1536 1337 1614 1362; x_wconf 87' lang='lat' dir='ltr'>vo—</span> 
     </span>
     <span class='ocr_line' id='line_1_20' title="bbox 283 1376 1613 1432; baseline 0 -15"><span class='ocrx_word' id='word_1_149' title='bbox 283 1378 456 1417; x_wconf 85' lang='lat' dir='ltr'>calium.</span> <span class='ocrx_word' id='word_1_150' title='bbox 510 1377 619 1416; x_wconf 83' lang='lat' dir='ltr'>Nam</span> <span class='ocrx_word' id='word_1_151' title='bbox 665 1377 744 1417; x_wconf 84' lang='lat' dir='ltr'>hae</span> <span class='ocrx_word' id='word_1_152' title='bbox 791 1377 991 1416; x_wconf 85' lang='lat' dir='ltr'>dicuntur</span> <span class='ocrx_word' id='word_1_153' title='bbox 1039 1376 1256 1428; x_wconf 76' lang='grc' dir='ltr'><em>φωνήεντα</em></span> <span class='ocrx_word' id='word_1_154' title='bbox 1300 1378 1613 1432; x_wconf 77' lang='grc' dir='ltr'><em>μεταπτωτικοὶ.</em></span> 
     </span>
     <span class='ocr_line' id='line_1_21' title="bbox 284 1433 1613 1486; baseline -0.001 -13"><span class='ocrx_word' id='word_1_155' title='bbox 284 1435 465 1485; x_wconf 87' lang='lat' dir='ltr'>Propter</span> <span class='ocrx_word' id='word_1_156' title='bbox 490 1433 666 1485; x_wconf 81' lang='lat' dir='ltr'>syllabas</span> <span class='ocrx_word' id='word_1_157' title='bbox 685 1434 784 1471; x_wconf 87' lang='lat' dir='ltr'>inde</span> <span class='ocrx_word' id='word_1_158' title='bbox 801 1433 931 1484; x_wconf 86' lang='lat' dir='ltr'>factas</span> <span class='ocrx_word' id='word_1_159' title='bbox 950 1433 1151 1484; x_wconf 85' lang='lat' dir='ltr'>ancipites</span> <span class='ocrx_word' id='word_1_160' title='bbox 1169 1433 1292 1471; x_wconf 84' lang='lat' dir='ltr'>facile</span> <span class='ocrx_word' id='word_1_161' title='bbox 1313 1441 1376 1472; x_wconf 88' lang='lat' dir='ltr'>est</span> <span class='ocrx_word' id='word_1_162' title='bbox 1394 1447 1434 1472; x_wconf 84' lang='lat' dir='ltr'>v.</span> <span class='ocrx_word' id='word_1_163' title='bbox 1453 1448 1488 1472; x_wconf 91' lang='lat' dir='ltr'>c.</span> <span class='ocrx_word' id='word_1_164' title='bbox 1509 1448 1613 1486; x_wconf 84' lang='lat' dir='ltr'>pro-</span> 
     </span>
     <span class='ocr_line' id='line_1_22' title="bbox 285 1487 1614 1539; baseline 0 -11"><span class='ocrx_word' id='word_1_165' title='bbox 285 1487 556 1528; x_wconf 79' lang='lat' dir='ltr'>nuntiationis</span> <span class='ocrx_word' id='word_1_166' title='bbox 574 1489 751 1528; x_wconf 83' lang='lat' dir='ltr'>artificio</span> <span class='ocrx_word' id='word_1_167' title='bbox 773 1502 796 1527; x_wconf 87' lang='lat' dir='ltr'>e</span> <span class='ocrx_word' id='word_1_168' title='bbox 816 1489 1034 1528; x_wconf 87' lang='lat' dir='ltr'>trochaico</span> <span class='ocrx_word' id='word_1_169' title='bbox 1052 1501 1178 1527; x_wconf 88' lang='lat' dir='ltr'>versu</span> <span class='ocrx_word' id='word_1_170' title='bbox 1209 1489 1348 1527; x_wconf 82' lang='lat' dir='ltr'>facere</span> <span class='ocrx_word' id='word_1_171' title='bbox 1380 1490 1614 1539; x_wconf 86' lang='lat' dir='ltr'>iambicum,</span> 
     </span>
     <span class='ocr_line' id='line_1_23' title="bbox 292 1540 1614 1598; baseline 0 -15"><span class='ocrx_word' id='word_1_172' title='bbox 292 1558 347 1584; x_wconf 83' lang='lat' dir='ltr'>ex</span> <span class='ocrx_word' id='word_1_173' title='bbox 370 1544 629 1596; x_wconf 87' lang='lat' dir='ltr'>anapaestico</span> <span class='ocrx_word' id='word_1_174' title='bbox 649 1540 925 1597; x_wconf 80' lang='lat' dir='ltr'>dactylicum,</span> <span class='ocrx_word' id='word_1_175' title='bbox 952 1551 995 1583; x_wconf 87' lang='lat' dir='ltr'>et</span> <span class='ocrx_word' id='word_1_176' title='bbox 1014 1551 1173 1598; x_wconf 69' lang='lat' dir='ltr'>contra.</span> <span class='ocrx_word' id='word_1_177' title='bbox 1226 1544 1328 1583; x_wconf 90' lang='lat' dir='ltr'>Inde</span> <span class='ocrx_word' id='word_1_178' title='bbox 1357 1545 1614 1598; x_wconf 87' lang='lat' dir='ltr'>multiplices</span> 
     </span>
     <span class='ocr_line' id='line_1_24' title="bbox 283 1599 1613 1655; baseline -0.005 -13"><span class='ocrx_word' id='word_1_179' title='bbox 283 1599 598 1655; x_wconf 81' lang='grc' dir='ltr'><strong><em>’συνεμπτώσεις</em></strong></span> <span class='ocrx_word' id='word_1_180' title='bbox 612 1599 693 1641; x_wconf 74' lang='grc' dir='ltr'>τῶν</span> <span class='ocrx_word' id='word_1_181' title='bbox 714 1603 889 1655; x_wconf 79' lang='grc' dir='ltr'><strong><em>μέτρων,</em></strong></span> <span class='ocrx_word' id='word_1_182' title='bbox 911 1607 958 1639; x_wconf 87' lang='lat' dir='ltr'>vt</span> <span class='ocrx_word' id='word_1_183' title='bbox 980 1607 1074 1652; x_wconf 91' lang='lat' dir='ltr'>post</span> <span class='ocrx_word' id='word_1_184' title='bbox 1097 1600 1274 1649; x_wconf 87' lang='lat' dir='ltr'>dicitur,</span> <span class='ocrx_word' id='word_1_185' title='bbox 1305 1607 1476 1652; x_wconf 84' lang='lat' dir='ltr'>possunt</span> <span class='ocrx_word' id='word_1_186' title='bbox 1497 1601 1613 1639; x_wconf 82' lang='lat' dir='ltr'>exsi-</span> 
     </span>
     <span class='ocr_line' id='line_1_25' title="bbox 285 1655 1616 1707; baseline 0 -12"><span class='ocrx_word' id='word_1_187' title='bbox 285 1663 412 1695; x_wconf 84' lang='lat' dir='ltr'>stere.</span> <span class='ocrx_word' id='word_1_188' title='bbox 476 1655 563 1693; x_wconf 89' lang='lat' dir='ltr'>Hoc</span> <span class='ocrx_word' id='word_1_189' title='bbox 597 1656 934 1695; x_wconf 86' lang='lat' dir='ltr'>antecedentibus</span> <span class='ocrx_word' id='word_1_190' title='bbox 969 1656 1138 1694; x_wconf 79' lang='lat' dir='ltr'>videtur</span> <span class='ocrx_word' id='word_1_191' title='bbox 1164 1656 1437 1707; x_wconf 87' lang='lat' dir='ltr'>aptissimum.</span> <span class='ocrx_word' id='word_1_192' title='bbox 1487 1656 1549 1696; x_wconf 79' lang='lat' dir='ltr'>Cf.</span> <span class='ocrx_word' id='word_1_193' title='bbox 1579 1658 1616 1696; x_wconf 89' lang='lat' dir='ltr'>si</span> 
     </span>
     <span class='ocr_line' id='line_1_26' title="bbox 282 1710 1380 1766; baseline 0.002 -17"><span class='ocrx_word' id='word_1_194' title='bbox 282 1711 442 1765; x_wconf 81' lang='lat' dir='ltr'>placet,</span> <span class='ocrx_word' id='word_1_195' title='bbox 470 1724 595 1761; x_wconf 88' lang='lat' dir='ltr'>supra</span> <span class='ocrx_word' id='word_1_196' title='bbox 615 1711 727 1750; x_wconf 90' lang='lat' dir='ltr'>dicta</span> <span class='ocrx_word' id='word_1_197' title='bbox 746 1711 798 1750; x_wconf 89' lang='lat' dir='ltr'>ad</span> <span class='ocrx_word' id='word_1_198' title='bbox 819 1711 886 1763; x_wconf 78' lang='lat'>39,</span> <span class='ocrx_word' id='word_1_199' title='bbox 907 1724 946 1750; x_wconf 81' lang='lat'>2.</span> <span class='ocrx_word' id='word_1_200' title='bbox 974 1710 1026 1748; x_wconf 88' lang='lat' dir='ltr'>de</span> <span class='ocrx_word' id='word_1_201' title='bbox 1051 1710 1177 1764; x_wconf 80' lang='grc' dir='ltr'><em>βάσει</em></span> <span class='ocrx_word' id='word_1_202' title='bbox 1198 1711 1380 1766; x_wconf 73' lang='grc' dir='ltr'><em>ῥύθμοῦ.</em></span> 
     </span>
    </p>

    <p class='ocr_par' dir='ltr' id='par_1_9' title="bbox 283 1765 1616 2251">
     <span class='ocr_line' id='line_1_27' title="bbox 323 1765 1611 1819; baseline -0.001 -12"><span class='ocrx_word' id='word_1_203' title='bbox 323 1789 325 1793; x_wconf 92' lang='grc'><em>·</em></span> <span class='ocrx_word' id='word_1_204' title='bbox 373 1765 654 1819; x_wconf 68' lang='grc' dir='ltr'><strong><em>συναρπάσαι</em></strong></span> <span class='ocrx_word' id='word_1_205' title='bbox 673 1765 729 1816; x_wconf 78' lang='grc' dir='ltr'>τῷ</span> <span class='ocrx_word' id='word_1_206' title='bbox 745 1765 854 1818; x_wconf 77' lang='grc' dir='ltr'><strong><em>λόγῳ</em></strong></span> <span class='ocrx_word' id='word_1_207' title='bbox 873 1766 949 1815; x_wconf 74' lang='grc' dir='ltr'>τήν</span> <span class='ocrx_word' id='word_1_208' title='bbox 972 1765 1126 1818; x_wconf 75' lang='grc' dir='ltr'><em>ἀκοήν]</em></span> <span class='ocrx_word' id='word_1_209' title='bbox 1156 1767 1259 1804; x_wconf 90' lang='lat' dir='ltr'>Cum</span> <span class='ocrx_word' id='word_1_210' title='bbox 1278 1767 1468 1805; x_wconf 87' lang='lat' dir='ltr'>oratione</span> <span class='ocrx_word' id='word_1_211' title='bbox 1479 1798 1489 1817; x_wconf 91' lang='lat'><em>,</em></span> <span class='ocrx_word' id='word_1_212' title='bbox 1517 1767 1559 1807; x_wconf 89' lang='lat' dir='ltr'>h.</span> <span class='ocrx_word' id='word_1_213' title='bbox 1577 1782 1611 1806; x_wconf 86' lang='lat' dir='ltr'>e.</span> 
     </span>
     <span class='ocr_line' id='line_1_28' title="bbox 283 1819 1614 1874; baseline -0.002 -10"><span class='ocrx_word' id='word_1_214' title='bbox 283 1832 380 1864; x_wconf 83' lang='lat' dir='ltr'>&#39;cum</span> <span class='ocrx_word' id='word_1_215' title='bbox 396 1823 513 1862; x_wconf 76' lang='lat' dir='ltr'>rebus</span> <span class='ocrx_word' id='word_1_216' title='bbox 534 1823 622 1861; x_wconf 88' lang='lat' dir='ltr'>siue</span> <span class='ocrx_word' id='word_1_217' title='bbox 649 1819 858 1861; x_wconf 61' lang='lat' dir='ltr'>sententiis</span> <span class='ocrx_word' id='word_1_218' title='bbox 883 1824 1080 1874; x_wconf 87' lang='lat' dir='ltr'>abreptus</span> <span class='ocrx_word' id='word_1_219' title='bbox 1113 1829 1174 1861; x_wconf 87' lang='lat' dir='ltr'>est</span> <span class='ocrx_word' id='word_1_220' title='bbox 1203 1822 1381 1861; x_wconf 83' lang='lat' dir='ltr'>auditus.</span> <span class='ocrx_word' id='word_1_221' title='bbox 1437 1823 1614 1862; x_wconf 85' lang='lat' dir='ltr'>Auditor</span> 
     </span>
     <span class='ocr_line' id='line_1_29' title="bbox 284 1877 1615 1930; baseline 0 -13"><span class='ocrx_word' id='word_1_222' title='bbox 284 1892 437 1930; x_wconf 87' lang='lat' dir='ltr'>nempe</span> <span class='ocrx_word' id='word_1_223' title='bbox 459 1878 695 1916; x_wconf 85' lang='lat' dir='ltr'>attendebat</span> <span class='ocrx_word' id='word_1_224' title='bbox 725 1877 776 1916; x_wconf 91' lang='lat' dir='ltr'>ad</span> <span class='ocrx_word' id='word_1_225' title='bbox 807 1891 970 1916; x_wconf 85' lang='lat' dir='ltr'>sensum</span> <span class='ocrx_word' id='word_1_226' title='bbox 997 1880 1246 1916; x_wconf 86' lang='lat' dir='ltr'>verborum:</span> <span class='ocrx_word' id='word_1_227' title='bbox 1284 1892 1460 1930; x_wconf 83' lang='lat' dir='ltr'>cumque</span> <span class='ocrx_word' id='word_1_228' title='bbox 1487 1881 1615 1917; x_wconf 75' lang='lat' dir='ltr'>verba</span> 
     </span>
     <span class='ocr_line' id='line_1_30' title="bbox 283 1933 1616 1989; baseline 0.001 -17"><span class='ocrx_word' id='word_1_229' title='bbox 283 1933 663 1989; x_wconf 76' lang='lat' dir='ltr'>pronuntiarentur</span> <span class='ocrx_word' id='word_1_230' title='bbox 695 1933 747 1972; x_wconf 87' lang='lat' dir='ltr'>ad</span> <span class='ocrx_word' id='word_1_231' title='bbox 777 1933 978 1986; x_wconf 84' lang='lat' dir='ltr'>loquendi</span> <span class='ocrx_word' id='word_1_232' title='bbox 1015 1933 1187 1972; x_wconf 88' lang='lat' dir='ltr'>modum</span> <span class='ocrx_word' id='word_1_233' title='bbox 1217 1934 1261 1972; x_wconf 90' lang='lat' dir='ltr'>in</span> <span class='ocrx_word' id='word_1_234' title='bbox 1290 1934 1376 1972; x_wconf 85' lang='lat' dir='ltr'>vita</span> <span class='ocrx_word' id='word_1_235' title='bbox 1403 1936 1616 1973; x_wconf 82' lang='lat' dir='ltr'>communi</span> 
     </span>
     <span class='ocr_line' id='line_1_31' title="bbox 283 1989 1615 2041; baseline 0 -13"><span class='ocrx_word' id='word_1_236' title='bbox 283 1991 506 2038; x_wconf 83' lang='lat' dir='ltr'>vsitatum,</span> <span class='ocrx_word' id='word_1_237' title='bbox 534 2003 620 2028; x_wconf 87' lang='lat' dir='ltr'>non</span> <span class='ocrx_word' id='word_1_238' title='bbox 638 1996 843 2038; x_wconf 85' lang='lat' dir='ltr'>accurate,</span> <span class='ocrx_word' id='word_1_239' title='bbox 874 1989 983 2041; x_wconf 87' lang='lat' dir='ltr'>quod</span> <span class='ocrx_word' id='word_1_240' title='bbox 1009 1989 1269 2041; x_wconf 82' lang='lat' dir='ltr'>grammatici</span> <span class='ocrx_word' id='word_1_241' title='bbox 1299 1990 1464 2038; x_wconf 89' lang='lat' dir='ltr'>dicunt,</span> <span class='ocrx_word' id='word_1_242' title='bbox 1492 2004 1615 2028; x_wconf 83' lang='lat' dir='ltr'>scan-</span> 
     </span>
     <span class='ocr_line' id='line_1_32' title="bbox 284 2044 1616 2099; baseline 0 -14"><span class='ocrx_word' id='word_1_243' title='bbox 284 2045 509 2094; x_wconf 86' lang='lat' dir='ltr'>derentur,</span> <span class='ocrx_word' id='word_1_244' title='bbox 537 2045 702 2084; x_wconf 82' lang='lat' dir='ltr'>auditus</span> <span class='ocrx_word' id='word_1_245' title='bbox 729 2046 918 2099; x_wconf 74' lang='lat' dir='ltr'>abreptus</span> <span class='ocrx_word' id='word_1_246' title='bbox 936 2053 997 2084; x_wconf 78' lang='lat' dir='ltr'>est</span> <span class='ocrx_word' id='word_1_247' title='bbox 1006 2074 1022 2092; x_wconf 88' lang='lat'><em>,</em></span> <span class='ocrx_word' id='word_1_248' title='bbox 1049 2045 1135 2082; x_wconf 88' lang='lat' dir='ltr'>siue</span> <span class='ocrx_word' id='word_1_249' title='bbox 1162 2057 1249 2083; x_wconf 89' lang='lat' dir='ltr'>non</span> <span class='ocrx_word' id='word_1_250' title='bbox 1276 2044 1422 2084; x_wconf 85' lang='lat' dir='ltr'>habuit</span> <span class='ocrx_word' id='word_1_251' title='bbox 1451 2052 1616 2098; x_wconf 87' lang='lat' dir='ltr'>tempus</span> 
     </span>
     <span class='ocr_line' id='line_1_33' title="bbox 287 2100 1614 2153; baseline 0.001 -15"><span class='ocrx_word' id='word_1_252' title='bbox 287 2100 641 2139; x_wconf 85' lang='lat' dir='ltr'>dimetiendarum</span> <span class='ocrx_word' id='word_1_253' title='bbox 679 2101 937 2153; x_wconf 78' lang='lat' dir='ltr'>syllabarum</span> <span class='ocrx_word' id='word_1_254' title='bbox 974 2114 1202 2152; x_wconf 87' lang='lat' dir='ltr'>versusque</span> <span class='ocrx_word' id='word_1_255' title='bbox 1241 2100 1614 2143; x_wconf 81' lang='lat' dir='ltr'>animaduertendi.</span> 
     </span>
     <span class='ocr_line' id='line_1_34' title="bbox 283 2155 1615 2210; baseline 0.002 -16"><span class='ocrx_word' id='word_1_256' title='bbox 283 2156 380 2199; x_wconf 67' lang='lat' dir='ltr'>vid.</span> <span class='ocrx_word' id='word_1_257' title='bbox 399 2158 459 2195; x_wconf 84' lang='lat'>11.</span> <span class='ocrx_word' id='word_1_258' title='bbox 480 2157 527 2195; x_wconf 80' lang='lat' dir='ltr'>Y.</span> <span class='ocrx_word' id='word_1_259' title='bbox 547 2157 614 2203; x_wconf 83' lang='lat'>32,</span> <span class='ocrx_word' id='word_1_260' title='bbox 635 2158 673 2196; x_wconf 89' lang='lat'>4.</span> <span class='ocrx_word' id='word_1_261' title='bbox 692 2156 764 2195; x_wconf 80' lang='lat' dir='ltr'>vbi</span> <span class='ocrx_word' id='word_1_262' title='bbox 787 2169 961 2208; x_wconf 88' lang='lat' dir='ltr'>prorsus</span> <span class='ocrx_word' id='word_1_263' title='bbox 981 2156 1124 2194; x_wconf 86' lang='lat' dir='ltr'>eadem</span> <span class='ocrx_word' id='word_1_264' title='bbox 1152 2155 1327 2194; x_wconf 80' lang='lat' dir='ltr'>ratione·</span> <span class='ocrx_word' id='word_1_265' title='bbox 1347 2156 1615 2210; x_wconf 82' lang='lat' dir='ltr'>metaphorae</span> 
     </span>
     <span class='ocr_line' id='line_1_35' title="bbox 285 2210 710 2251; baseline 0 -1"><span class='ocrx_word' id='word_1_266' title='bbox 285 2210 485 2250; x_wconf 85' lang='lat' dir='ltr'>dicuntur</span> <span class='ocrx_word' id='word_1_267' title='bbox 503 2211 710 2251; x_wconf 85' lang='lat' dir='ltr'>abscondi.</span> 
     </span>
    </p>

    <p class='ocr_par' dir='ltr' id='par_1_10' title="bbox 285 2267 1681 2597">
     <span class='ocr_line' id='line_1_36' title="bbox 373 2267 1617 2324; baseline 0.001 -18"><span class='ocrx_word' id='word_1_268' title='bbox 373 2267 489 2316; x_wconf 82' lang='grc' dir='ltr'><em>Φησὶ</em></span> <span class='ocrx_word' id='word_1_269' title='bbox 507 2267 609 2320; x_wconf 73' lang='grc' dir='ltr'>γοῦν</span> <span class='ocrx_word' id='word_1_270' title='bbox 623 2283 631 2292; x_wconf 94' lang='grc'>·</span> <span class='ocrx_word' id='word_1_271' title='bbox 667 2267 755 2310; x_wconf 79' lang='grc' dir='ltr'>Τόν</span> <span class='ocrx_word' id='word_1_272' title='bbox 772 2267 857 2324; x_wconf 72' lang='grc' dir='ltr'>γοὲρ</span> <span class='ocrx_word' id='word_1_273' title='bbox 878 2267 975 2320; x_wconf 61' lang='grc' dir='ltr'>οἵα]</span> <span class='ocrx_word' id='word_1_274' title='bbox 1003 2267 1302 2307; x_wconf 83' lang='lat' dir='ltr'>Demosthenes</span> <span class='ocrx_word' id='word_1_275' title='bbox 1323 2267 1376 2307; x_wconf 87' lang='lat' dir='ltr'>de</span> <span class='ocrx_word' id='word_1_276' title='bbox 1395 2282 1479 2307; x_wconf 90' lang='lat' dir='ltr'>cor.</span> <span class='ocrx_word' id='word_1_277' title='bbox 1505 2270 1617 2320; x_wconf 82' lang='lat' dir='ltr'>c.47.</span> 
     </span>
     <span class='ocr_line' id='line_1_37' title="bbox 285 2322 1681 2378; baseline -0.001 -15"><span class='ocrx_word' id='word_1_278' title='bbox 285 2322 466 2372; x_wconf 76' lang='lat' dir='ltr'>Versus,</span> <span class='ocrx_word' id='word_1_279' title='bbox 495 2324 569 2375; x_wconf 87' lang='lat' dir='ltr'>qui</span> <span class='ocrx_word' id='word_1_280' title='bbox 587 2337 686 2362; x_wconf 85' lang='lat' dir='ltr'>mox</span> <span class='ocrx_word' id='word_1_281' title='bbox 703 2325 902 2376; x_wconf 82' lang='lat' dir='ltr'>sequitur,</span> <span class='ocrx_word' id='word_1_282' title='bbox 929 2322 1242 2378; x_wconf 75' lang='grc' dir='ltr'><em>Εύμορφοτέρα</em></span> <span class='ocrx_word' id='word_1_283' title='bbox 1265 2348 1321 2357; x_wconf 91' lang='lat'>-—</span> <span class='ocrx_word' id='word_1_284' title='bbox 1339 2331 1401 2363; x_wconf 85' lang='lat' dir='ltr'>est</span> <span class='ocrx_word' id='word_1_285' title='bbox 1418 2324 1616 2376; x_wconf 87' lang='lat' dir='ltr'>Sapphus,</span> <span class='ocrx_word' id='word_1_286' title='bbox 1680 2331 1681 2334; x_wconf 76' lang='grc'>’</span> 
     </span>
     <span class='ocr_line' id='line_1_38' title="bbox 287 2379 1617 2431; baseline 0 -15"><span class='ocrx_word' id='word_1_287' title='bbox 287 2379 359 2417; x_wconf 89' lang='lat' dir='ltr'>cui</span> <span class='ocrx_word' id='word_1_288' title='bbox 378 2392 473 2416; x_wconf 90' lang='lat' dir='ltr'>eum</span> <span class='ocrx_word' id='word_1_289' title='bbox 491 2379 642 2417; x_wconf 89' lang='lat' dir='ltr'>tribuit</span> <span class='ocrx_word' id='word_1_290' title='bbox 659 2379 909 2431; x_wconf 82' lang='lat' dir='ltr'>Hephaestio</span> <span class='ocrx_word' id='word_1_291' title='bbox 929 2380 972 2417; x_wconf 92' lang='lat' dir='ltr'>in</span> <span class='ocrx_word' id='word_1_292' title='bbox 989 2379 1155 2419; x_wconf 85' lang='lat' dir='ltr'>Enchir.</span> <span class='ocrx_word' id='word_1_293' title='bbox 1176 2394 1215 2431; x_wconf 93' lang='lat' dir='ltr'>p.</span> <span class='ocrx_word' id='word_1_294' title='bbox 1236 2382 1300 2431; x_wconf 84' lang='lat'>37.</span> <span class='ocrx_word' id='word_1_295' title='bbox 1341 2380 1423 2418; x_wconf 85' lang='lat' dir='ltr'>Sed</span> <span class='ocrx_word' id='word_1_296' title='bbox 1445 2380 1504 2417; x_wconf 89' lang='lat' dir='ltr'>ibi</span> <span class='ocrx_word' id='word_1_297' title='bbox 1526 2380 1617 2417; x_wconf 77' lang='lat' dir='ltr'>edi-</span> 
     </span>
     <span class='ocr_line' id='line_1_39' title="bbox 288 2433 1638 2488; baseline 0 -16"><span class='ocrx_word' id='word_1_298' title='bbox 288 2440 360 2473; x_wconf 86' lang='lat' dir='ltr'>tur</span> <span class='ocrx_word' id='word_1_299' title='bbox 393 2433 583 2484; x_wconf 79' lang='grc' dir='ltr'>Γυρήνω.</span> <span class='ocrx_word' id='word_1_300' title='bbox 639 2435 795 2473; x_wconf 89' lang='lat' dir='ltr'>Ibidem</span> <span class='ocrx_word' id='word_1_301' title='bbox 827 2449 867 2487; x_wconf 91' lang='lat' dir='ltr'>p.</span> <span class='ocrx_word' id='word_1_302' title='bbox 900 2448 963 2487; x_wconf 91' lang='lat'>70.</span> <span class='ocrx_word' id='word_1_303' title='bbox 994 2449 1080 2473; x_wconf 91' lang='lat' dir='ltr'>non</span> <span class='ocrx_word' id='word_1_304' title='bbox 1107 2436 1263 2488; x_wconf 81' lang='lat' dir='ltr'>legitur</span> <span class='ocrx_word' id='word_1_305' title='bbox 1292 2443 1379 2474; x_wconf 84' lang='lat' dir='ltr'>tota</span> <span class='ocrx_word' id='word_1_306' title='bbox 1410 2435 1638 2487; x_wconf 63' lang='lat' dir='ltr'>particular</span> 
     </span>
     <span class='ocr_line' id='line_1_40' title="bbox 287 2487 1617 2546; baseline -0.002 -14"><span class='ocrx_word' id='word_1_307' title='bbox 287 2489 380 2532; x_wconf 77' lang='grc' dir='ltr'>Διοὲ</span> <span class='ocrx_word' id='word_1_308' title='bbox 401 2487 523 2530; x_wconf 75' lang='grc' dir='ltr'><em>τοῦτο</em></span> <span class='ocrx_word' id='word_1_309' title='bbox 542 2513 596 2520; x_wconf 89' lang='grc'>--</span> <span class='ocrx_word' id='word_1_310' title='bbox 616 2493 724 2541; x_wconf 79' lang='grc' dir='ltr'><em>φησὶ</em></span> <span class='ocrx_word' id='word_1_311' title='bbox 755 2490 875 2546; x_wconf 74' lang='grc' dir='ltr'><em>γοῦν,</em></span> <span class='ocrx_word' id='word_1_312' title='bbox 905 2498 946 2530; x_wconf 89' lang='lat' dir='ltr'>et</span> <span class='ocrx_word' id='word_1_313' title='bbox 977 2491 1180 2542; x_wconf 87' lang='lat' dir='ltr'>quaedam</span> <span class='ocrx_word' id='word_1_314' title='bbox 1213 2492 1296 2530; x_wconf 83' lang='lat' dir='ltr'>alia</span> <span class='ocrx_word' id='word_1_315' title='bbox 1327 2492 1494 2529; x_wconf 86' lang='lat' dir='ltr'>diuersa</span> <span class='ocrx_word' id='word_1_316' title='bbox 1519 2497 1617 2530; x_wconf 87' lang='lat' dir='ltr'>sunt</span> 
     </span>
     <span class='ocr_line' id='line_1_41' title="bbox 290 2544 1091 2597; baseline 0.001 -14"><span class='ocrx_word' id='word_1_317' title='bbox 290 2545 342 2584; x_wconf 84' lang='lat' dir='ltr'>ab</span> <span class='ocrx_word' id='word_1_318' title='bbox 362 2545 444 2585; x_wconf 89' lang='lat' dir='ltr'>hoc</span> <span class='ocrx_word' id='word_1_319' title='bbox 462 2544 636 2596; x_wconf 88' lang='lat' dir='ltr'>Longini</span> <span class='ocrx_word' id='word_1_320' title='bbox 658 2547 904 2597; x_wconf 85' lang='lat' dir='ltr'>fragmento.</span> <span class='ocrx_word' id='word_1_321' title='bbox 933 2547 1091 2586; x_wconf 77' lang='lat' dir='ltr'>Monvs.</span> 
     </span>
    </p>
   </div>
   <div class='ocr_carea' id='block_1_5' title="bbox 292 2585 1718 2714">
    <p class='ocr_par' dir='ltr' id='par_1_11' title="bbox 292 2585 1718 2714">
     <span class='ocr_line' id='line_1_42' title="bbox 380 2585 1718 2656; baseline -0.002 -15"><span class='ocrx_word' id='word_1_322' title='bbox 380 2600 695 2656; x_wconf 78' lang='grc' dir='ltr'><em>Εὑμορφοτέρα</em></span> <span class='ocrx_word' id='word_1_323' title='bbox 731 2603 924 2653; x_wconf 62' lang='grc' dir='ltr'><em>Μνασιδ,</em></span> <span class='ocrx_word' id='word_1_324' title='bbox 951 2619 986 2642; x_wconf 77' lang='lat' dir='ltr'>t.</span> <span class='ocrx_word' id='word_1_325' title='bbox 1019 2602 1095 2642; x_wconf 79' lang='grc' dir='ltr'><em>οἱπ.</em></span> <span class='ocrx_word' id='word_1_326' title='bbox 1130 2604 1197 2656; x_wconf 89' lang='grc' dir='ltr'>Γ]</span> <span class='ocrx_word' id='word_1_327' title='bbox 1231 2601 1464 2655; x_wconf 82' lang='lat' dir='ltr'>Sapphonis</span> <span class='ocrx_word' id='word_1_328' title='bbox 1497 2601 1614 2639; x_wconf 86' lang='lat' dir='ltr'>locus</span> <span class='ocrx_word' id='word_1_329' title='bbox 1671 2606 1675 2609; x_wconf 66' lang='grc'><em>“</em></span> <span class='ocrx_word' id='word_1_330' title='bbox 1715 2585 1718 2597; x_wconf 35' lang='lat'><strong>¹</strong></span> 
     </span>
     <span class='ocr_line' id='line_1_43' title="bbox 292 2657 1718 2714; baseline -0.001 -18"><span class='ocrx_word' id='word_1_331' title='bbox 292 2657 457 2696; x_wconf 76' lang='lat' dir='ltr'>auctior</span> <span class='ocrx_word' id='word_1_332' title='bbox 474 2657 627 2709; x_wconf 87' lang='lat' dir='ltr'>legitur</span> <span class='ocrx_word' id='word_1_333' title='bbox 647 2658 756 2712; x_wconf 83' lang='lat' dir='ltr'>apud.</span> <span class='ocrx_word' id='word_1_334' title='bbox 774 2658 993 2713; x_wconf 84' lang='lat' dir='ltr'>Hephaest.</span> <span class='ocrx_word' id='word_1_335' title='bbox 1018 2672 1059 2712; x_wconf 84' lang='lat' dir='ltr'>p.</span> <span class='ocrx_word' id='word_1_336' title='bbox 1077 2659 1146 2714; x_wconf 76' lang='lat'>37.</span> <span class='ocrx_word' id='word_1_337' title='bbox 1181 2659 1455 2700; x_wconf 79' lang='lat' dir='ltr'>scribendum</span> <span class='ocrx_word' id='word_1_338' title='bbox 1475 2664 1614 2697; x_wconf 82' lang='lat' dir='ltr'>autem</span> <span class='ocrx_word' id='word_1_339' title='bbox 1671 2666 1675 2680; x_wconf 70' lang='lat'>2</span> <span class='ocrx_word' id='word_1_340' title='bbox 1715 2661 1718 2670; x_wconf 80' lang='grc'><em>“</em></span> 
     </span>
    </p>
   </div>
   <div class='ocr_carea' id='block_1_6' title="bbox 1648 783 1718 3122">
    <p class='ocr_par' dir='ltr' id='par_1_12' title="bbox 1648 783 1718 3122">
     <span class='ocr_line' id='line_1_44' title="bbox 1648 783 1718 3122; baseline 0 0"><span class='ocrx_word' id='word_1_341' title='bbox 1648 783 1718 3122; x_wconf 95' lang='lat' dir='ltr'> </span> 
     </span>
    </p>
   </div>
  </div>
 </body>
</html>
