1752 3118
456 301 733 346 LoNGINl
766 301 998 343 FRAGM.
1028 300 1133 342 vm:
1350 309 1429 364 ¹95

108 423 240 473 'enim
286 418 512 488 proficies
563 415 786 464 acumine
833 428 878 463 et
923 416 1176 477 sagacitate
1210 415 1262 463 in
1295 417 1431 465 iudi-

110 513 281 567 cando,
301 505 643 570 distinguendo
680 519 728 554 et
748 505 992 564 subtiliter
1025 503 1256 569 poliendo
1285 523 1431 555 sensu

108 600 406 665 singulisque
440 595 757 659 argumentis,
810 593 902 641 nisi
938 593 1117 658 optima
1154 576 1430 643 elocutione

109 688 366 739 sententias
403 704 546 734 ornes
583 700 630 733 et
664 683 901 751 rhythmis
933 683 1078 731 vtaris
1103 683 1355 748 aptissimis
1379 675 1432 731 iu

111 777 323 837 delectu,
373 776 609 837 flexione,
659 788 705 823 et
741 773 1062 822 collocatione
1098 773 1352 821 nominum
1387 788 1433 823 et

109 868 390 915 verborum.
460 865 618 913 Multa
654 848 783 912 enim
819 878 955 925 sunt,
999 882 1124 929 quae
1159 862 1433 913 auditorem

110 960 381 1017 oblectant,
424 974 612 1025 praeter
657 959 1027 1023 explicationem
1061 960 1433 1020 sententiarum,

110 1073 230 1120 quas
264 1057 343 1104 vel
379 1073 520 1103 causa
555 1054 831 1120 suppeditat
865 1055 942 1102 vel
977 1073 1135 1104 mores
1160 1055 1434 1121 hominum,

109 1147 173 1197 ad
198 1167 320 1213 quos
347 1148 712 1198 accommodata
736 1149 891 1198 oratio
917 1151 972 1198 fit
993 1149 1272 1214 probabilis.
1311 1144 1436 1198 Nam

110 1260 278 1292 sensus
314 1260 601 1292 numerosae
653 1256 699 1291 et
733 1230 944 1291 musicae
981 1243 1207 1291 dictionis
1243 1246 1436 1292 innatus

112 1353 182 1387 est
226 1336 412 1405 cunctis
456 1335 747 1384 animalibus
803 1339 1079 1386 cateruatim
1128 1339 1440 1402 vagantibus,

110 1432 296 1481 nedum
332 1430 495 1480 dicam
527 1431 773 1480 mentibus
812 1432 1091 1480 animalium
1121 1433 1246 1483 vitae
1272 1423 1440 1482 sociali

110 1513 367 1592 aptorum,
438 1542 486 1576 et
530 1528 714 1576 ratione
763 1528 1012 1593 simulque
1055 1526 1242 1576 ordinis
1296 1545 1440 1576 sensu

113 1618 440 1686 gaudentium.
511 1620 567 1666 Si
614 1637 727 1684 ergo
777 1622 1011 1669 musicam
1054 1638 1267 1687 partem„
1314 1640 1441 1686 quae

109 1713 416 1768 harmoniam
459 1728 505 1763 et
548 1713 804 1781 rhythmos
855 1715 1091 1776 admittit,
1128 1715 1440 1764 exornaueris

113 1809 332 1859 numeris
368 1808 488 1874 aptis
525 1822 571 1857 et
605 1809 751 1867 souiS,
787 1811 1091 1875 maximaque
1128 1829 1243 1859 cura
1270 1810 1445 1860 elabo-

114 1903 328 1966 raueris,
362 1902 533 1952 demtis
568 1902 653 1950 hic
688 1905 965 1961 nonnullis,
999 1905 1107 1952 istic
1143 1905 1345 1962 additis,
1379 1903 1443 1953 ad

115 1998 292 2046 iustam
328 1999 562 2047 rationem
593 2012 639 2046 et
661 1998 721 2046 ad
747 1986 884 2046 Vsum
911 2017 955 2048 ct
977 2015 1202 2048 ornatum
1222 2000 1443 2059 metiens,

121 2111 248 2157 quae
284 2110 358 2141 res
393 2093 574 2158 poscit:
612 2094 765 2142 oratio
801 2108 880 2142 tua
918 2095 1006 2143 erit
1027 2096 1232 2144 maxime
1258 2094 1445 2159 proba—

118 2187 233 2236 bilis
277 2201 323 2234 et
369 2189 699 2236 oratoria....
748 2189 904 2254 qualis
949 2189 1089 2236 etiam
1136 2204 1205 2238 est
1240 2187 1445 2236 Homeri

118 2281 304 2347 poesis,
360 2300 505 2347 quam
564 2282 651 2347 qui
695 2300 796 2331 non
851 2282 1118 2331 contemnit
1169 2301 1262 2332 nec
1306 2282 1447 2348 parui

120 2375 318 2441 pendit,
354 2394 416 2423 ne
451 2377 651 2425 recitare
686 2376 889 2441 quidem
923 2377 1097 2438 debet,
1130 2379 1268 2443 quasi
1304 2375 1446 2442 parui

120 2468 444 2536 pendendam.
479 2469 758 2536 Vtrumque
788 2473 916 2520 enim
941 2488 1010 2521 est
1032 2473 1256 2522 leuitatis.
1305 2472 1445 2520 Idem

125 2566 356 2614 conuenit
381 2564 684 2613 Archilocho
716 2567 879 2616 Pario:
917 2585 1025 2615 nam
1063 2582 1108 2616 et
1143 2567 1226 2615 hic
1259 2568 1310 2614 in
1346 2567 1445 2613 illis

124 2661 265 2708 tritus
302 2677 384 2710 est.
444 2660 601 2710 Etiam
628 2661 920 2727 tragicorum
952 2675 1206 2729 poetarum
1239 2656 1367 2713 natio
1399 2675 1446 2711 et

893 2751 1007 2799 Nn
