1752 3118
338 284 439 322 cnr
589 317 593 319 ,
688 271 785 320 DE
819 267 1286 319 ANAGLYPHO

338 397 620 460 magnifice
607 409 884 444 instruxerat
917 395 1049 442 aulae
1074 393 1340 460 pontificiae
1368 411 1656 474 purpuratus

341 463 612 513 Alexander
636 463 830 521 Albani,
875 463 957 509 Vir
989 461 1309 526 incomparabi
1298 462 1401 523 HS,
1438 463 1572 511 cuius
1601 465 1651 512 in

341 531 451 579 sinu
480 545 525 577 et
555 530 880 594 complexibus
916 529 1005 576 fuit
1026 530 1422 577 VVinkelmauuus
1457 546 1650 593 noster,

343 596 616 651 exstiterunt
631 616 681 644 ea
706 610 995 662 tempestate,
1025 614 1115 658 qua
1129 596 1278 643 Roma
1305 597 1516 644 noudum
1541 615 1656 645 exuo

338 665 437 712 lare
471 664 594 710 iussa
625 664 906 723 eratRoma,
944 678 1148 727 quatuor
1182 681 1554 712 marmorearum
1581 679 1650 711 ta-

340 730 556 778 hulmum
580 722 861 793 fragmenta
883 732 950 777 Gn
954 748 1067 777 aeeo
1088 731 1284 778 artificio
1306 732 1504 791 caelata,
1528 747 1651 795 quae

339 798 482 860 vulgo
505 798 783 845 feminarum
816 797 1034 862 Apollini
1069 798 1430 861 sacrificantium
1462 798 1655 845 nomine

338 864 623 926 ferebant-ur,
647 866 760 912 mita
778 864 1110 911 similitudine'
1099 879 1161 912 tta
1178 867 1300 912 intet
1316 882 1364 912 se
1383 865 1652 927 coniuncta,

336 945 387 979 vt
406 932 559 995 primo
583 934 752 979 obtutu
771 931 926 978 statim
947 932 1249 993 intelligeres,
1286 934 1332 978 in
1360 931 1526 980 eodem
1548 950 1654 978 om·
1689 982 1692 985 ,

336 999 413 1045 nia
439 999 607 1046 versari
631 1013 922 1061 argumento,
970 999 1028 1044 ad
1053 998 1180 1046 idem
1206 1001 1304 1045 fere
1329 1000 1567 1062 exemplar
1592 998 1650 1044 ab

337 1064 527 1121 eodem,
552 1065 642 1111 uisi
663 1065 845 1128 egregie
866 1065 1085 1124 fallimur,
1109 1065 1281 1111 artifice
1303 1065 1553 1128 diligenter
1577 1082 1654 1111 ex⁴

337 1148 498 1195 pressa
511 1133 576 1193 *).
639 1130 986 1179 'l‘ranslataista
1005 1150 1112 1179 cum
1142 1132 1378 1196 ‘plerisque
1400 1131 1501 1178 aliis
1515 1132 1657 1178 Lute-

333 1197 444 1244 tiam
459 1198 772 1259 Parisiorum,
796 1199 951 1246 Musei
964 1198 1261 1263 Napoleonei
1290 1198 1462 1245 decora
1476 1198 1654 1259 futura,

335 1279 385 1312 et
403 1263 544 1325 digna
568 1265 724 1312 habita
751 1280 855 1313 sunt
867 1302 883 1325 ,
904 1283 1024 1328 quae
1050 1267 1097 1313 in
1122 1283 1283 1330 oper-e,
1309 1265 1442 1329 quod
1457 1267 1656 1312 fratrum

333 1329 683 1379 Piranesiorum
705 1346 864 1379 sumtu
886 1333 1070 1379 tabellis
1105 1333 1251 1379 aereis
1276 1333 1494 1379 instruxit
1516 1332 1656 1379 Piro-

331 1399 429 1455 lus,
486 1400 659 1462 pictor
690 1400 956 1457 Romanus,
1015 1399 1355 1447 commentatio
1401 1399 1656 1446 illustrauit

332 1465 491 1530 primo
521 1465 1002 1526 Schweighaeuserus
1031 1465 1183 1524 filius,
1224 1463 1335 1511 dein
1364 1464 1542 1512 Petitus
1568 1465 1656 1512 Ra-

334 1530 513 1590 delius,
559 1532 712 1578 oculis
746 1531 1094 1579 subiicerentur
1120 1533 1352 1578 lectorum
1386 1533 1570 1595 pictura
1599 1531 1655 1578 lia

331 1600 463 1645 neari
487 1599 740 1645 informata
751 1599 835 1660 .**)
850 1635 863 1660 ,
901 1599 1126 1664 tantisper
1149 1598 1262 1645 dum
1285 1597 1343 1644 ad
1366 1598 1467 1662 ipsa
1490 1597 1659 1644 arche·
1711 1647 1717 1653 ,

375 1762 406 1806 ⁴²)
434 1764 472 1796 ln
494 1767 654 1807 catalogo
673 1765 852 1797 vniuersae
872 1767 1104 1809 supellectilis
1125 1767 1372 1806 antiquariae,
1406 1765 1545 1806 quaein
1563 1764 1654 1795 villa

330 1809 574 1848 nobilissima,
605 1820 686 1841 cum
707 1813 923 1842 ornamentis
944 1814 1015 1846 suis
1037 1810 1200 1842 nondum
1226 1819 1330 1842 exuta
1359 1818 1465 1847 esset,
1491 1810 1653 1840 contine-
1702 1850 1705 1853 Δ
1733 1835 1735 1841 ,

295 1890 302 1894 ᾖ
330 1852 449 1891 hatur,
464 1855 527 1889 cui
545 1835 688 1887 titulus:
712 1852 952 1886 Indicazione
971 1853 1188 1897 antiquaria
1205 1864 1269 1895 per
1280 1852 1318 1884 la
1338 1850 1428 1884 villa
1441 1851 1653 1884 suburbana

330 1895 416 1928 dell'
437 1895 625 1929 eccellentz
626 1897 738 1929 §sima
759 1909 846 1932 cas-a
861 1898 1000 1930 Albani
1019 1898 1133 1941 (Rom.
1146 1898 1300 1941 1785.)q
1302 1906 1431 1930 uatuor
1454 1896 1652 1940 anaglypha

330 1952 657 1976 commemorantur
677 1943 780 1977 huius
800 1946 998 1987 argumenti
1016 1957 1050 1978 n.
1072 1944 1147 1977 423.
1172 1943 1248 1977 451.
1269 1911 1344 1977 [1154.
1367 1951 1400 1975 et
1418 1942 1494 1984 457,

375 2006 418 2051 '‘*)
443 2009 568 2042 Muwe
589 2007 780 2051 Napole'on
802 2012 903 2043 Tom.
919 2010 980 2043 IV.
1000 2011 1050 2052 pl.
1067 2021 1087 2050 7
1101 2020 1209 2042 --·1o.
1232 2020 1263 2051 p.
1284 2020 1335 2052 29.
1356 2019 1449 2049 seqq.
1478 2009 1519 2040 In
1545 2019 1650 2050 opere

330 2056 537 2097 praeclaro,
578 2054 674 2096 quod
703 2057 997 2098 elegantissimus,
1041 2055 1206 2097 idemque
1233 2054 1490 2085 eruditissimus
1520 2052 1650 2085 harum

332 2100 535 2131 formarum
553 2106 724 2141 spectator
739 2100 812 2130 Ger·
793 2099 918 2142 argius
931 2098 1145 2142 Zoegainde
1169 2099 1212 2130 ab
1236 2099 1334 2130 initio
1356 2099 1436 2129 anni
1459 2099 1650 2139 superioris

331 2144 576 2178 *voluminibus
589 2155 651 2186 per
663 2146 819 2197 sin-gulos
831 2156 965 2178 menses
976 2145 1136 2185 deinceps
1149 2142 1293 2175 edendis
1306 2153 1387 2174 cum
1400 2143 1529 2183 ingenti
1541 2142 1649 2184 plau-

331 2198 373 2219 su
401 2188 625 2221 eruditorum
656 2191 763 2221 totius
787 2190 950 2231 Europae
969 2191 1129 2221 emittere
1149 2189 1284 2229 coepit,
1320 2188 1489 2228 inscripto
1520 2188 1648 2220 titulo:

330 2230 534 2263 LiBassir
534 2230 633 2263 lievi
651 2231 795 2264 antichi
816 2232 853 2264 di
862 2234 991 2272 Roma,
1018 2232 1179 2266 vndecim
1196 2231 1374 2275 primibus
1394 2230 1649 2269 voluminibus,

333 2287 435 2317 quae,
459 2287 540 2308 eum
562 2276 646 2308 haec
666 2278 921 2317 scriberemus,
944 2286 1054 2313 essent.
1075 2279 1111 2308 in
1131 2276 1315 2314 manibus,
1340 2274 1426 2307 haec
1447 2274 1648 2318 anaglypha
1704 2299 1707 2302 «
1735 2273 1737 2275 ’

332 2319 495 2351 nondum
521 2323 682 2362 attigerat
701 2324 872 2364 interpres
896 2303 1026 2355 h'orum
1053 2328 1371 2353 monumentorum
1393 2322 1646 2362 sagacissimuS.

332 2364 520 2406 Quotquot
532 2365 647 2397 adhuc
659 2377 701 2408 pr
705 2366 888 2406 adierunt,
906 2368 1020 2400 Villae
1031 2364 1190 2398 Albanae
1203 2375 1341 2397 consecr
1345 2372 1399 2396 ata
1413 2373 1494 2397 sunt
1512 2365 1645 2398 omnia.

332 2408 415 2442 Non
440 2408 658 2449 dubitamus,
680 2411 744 2442 illa
764 2422 902 2452 quoque
925 2412 957 2444 in
979 2410 1260 2453 splendidissimo
1273 2420 1375 2451 opere
1389 2409 1563 2441 delineata
1576 2419 1648 2439 esse

332 2460 367 2484 et
383 2453 571 2487 illustrata.
619 2453 689 2486 Sed
713 2453 891 2494 dolemus,
915 2467 998 2495 nos,
1022 2466 1103 2487 cum
1126 2454 1210 2486 haec
1231 2453 1275 2486 ad
1293 2464 1438 2486 examen
1456 2464 1646 2485 reuocare-

332 2506 433 2536 mus,
458 2497 576 2530 fructu
599 2499 748 2531 illorum
776 2499 1005 2532 defraudatos
1037 2500 1152 2534 fuisse.
1201 2499 1390 2531 Caeterum
1423 2499 1644 2530 luctuosissi-

333 2551 424 2579 mus,
448 2553 531 2574 cum
550 2544 688 2575 coronis
713 2543 794 2576 huic
813 2546 951 2586 opellae
974 2543 1185 2587 imponenda
1209 2552 1305 2582 esset,
1328 2543 1372 2576 ad
1391 2554 1491 2575 ames
1509 2551 1646 2575 nostias

330 2583 462 2618 accidit
492 2589 659 2627 ιιιιιιῑὶιιε,
692 2588 869 2630 Zoegam,
903 2601 973 2632 quo
1000 2601 1062 2622 nec
1094 2589 1336 2622 candidiorem
1358 2599 1423 2620 nec
1446 2587 1644 2619 doctiorem

332 2641 491 2672 vnquam
512 2633 667 2675 amplexi
688 2643 829 2672 sumuS,
863 2634 987 2667 acerbo
1009 2634 1080 2666 fato
1099 2634 1261 2667 functum
1285 2643 1372 2674 opus
1397 2631 1510 2670 illud,
1547 2630 1643 2674 quod

330 2676 456 2717 viginti
474 2687 649 2710 annorum
666 2677 973 2712 lucubrationibus
994 2688 1027 2714 et
1046 2679 1229 2712 laboribus
1254 2677 1400 2711 assiduis
1420 2679 1643 2717 instruxerat,
