1752 3118
288 251 568 294 LONGINl
594 249 676 291 DE
704 248 874 291 SVBL.
902 250 1075 294 SECT.
1103 255 1244 299 XLIII.
1334 263 1409 315 147

79 365 409 414 numerabilia
454 366 674 412 iumenta
721 373 769 412 et
801 381 995 428 pecora
1035 368 1109 413 ad
1147 373 1408 429 epularum

77 475 211 515 vsus,
247 465 348 502 tum
364 456 509 501 multi
530 456 948 502 condimentorum
971 457 1221 515 medimni,
1256 469 1404 520 νιν-93,

76 546 233 606 sacci,
278 560 516 613 papyrus
557 546 630 591 ad
659 561 801 591 osum
850 543 1089 591 librorum
1104 578 1119 604 ‚
1180 549 1407 611 aliaeque

75 634 407 692 necessitates,
443 641 586 680 tanta
618 635 829 697 denique
844 635 1256 683 salsamentorum
1275 640 1406 685 varii
1454 652 1457 653 ’

72 725 272 784 generis
313 725 624 770 accumukzta
663 725 924 773 multitudo
937 759 952 781 ‚
1006 733 1059 771 vt
1091 728 1278 786 procul
1316 744 1404 774 ve-

74 813 319 860 nientibus
355 815 508 860 moles
542 821 596 859 et·
623 815 769 859 colle-s·
800 842 830 851 -
862 840 892 850 -·
923 842 953 850 -
986 814 1303 862 viderentur.·
1351 814 1399 863 A
1435 843 1447 859 .

73 899 379 964 dignioribus
423 900 487 950 ad
537 900 806 949 humiliora
851 900 1123 962 delabitur,
1180 921 1295 953 cum
1337 904 1399 953 ad

0 1010 1 1036 ι
69 991 252 1039 maiora
288 990 449 1056 potius
493 989 725 1055 progredi
771 990 1034 1043 debuisset.
1135 992 1230 1042 Ille
1264 1011 1398 1056 yero,

69 1097 184 1126 cum
229 1079 389 1129 totius
425 1080 683 1146 adparatus
737 1078 1023 1145 splendidae
1083 1079 1399 1146 descriptioni

69 1183 221 1230 vtreS‚
266 1168 576 1217 condimenta
610 1185 878 1232 succosque
913 1165 1249 1232 admiscuerit,
1303 1190 1396 1221 cu-

63 1258 192 1307 linae
252 1253 515 1325 quamdam
575 1257 834 1321 imaginem
895 1255 1221 1306 adumbrauit.
1322 1257 1394 1307 Vt

66 1345 229 1407 enim,
288 1347 329 1394 si
375 1348 509 1412 quis,
565 1347 698 1395 omni
747 1347 836 1394 illo
871 1345 1105 1410 adparatu
1138 1347 1190 1394 in
1224 1331 1391 1396 medio

61 1438 250 1502 posito,
282 1435 473 1485 medios
507 1436 632 1483 inter
664 1452 836 1484 aureos
870 1435 1174 1500 gemmisque
1210 1434 1392 1485 distin-

65 1541 169 1574 ctos
215 1519 421 1576 erateres
466 1538 719 1589 argentum
755 1539 978 1572 canatum
1011 1541 1253 1590 aureaque
1287 1539 1391 1574 ten..

63 1615 188 1664 toria
221 1630 278 1663 {et
320 1616 526 1680 poeula,
581 1631 748 1662 saccos
782 1627 989 1678 poneret
1024 1627 1070 1662 et
1104 1627 1257 1671 vtres‚
1311 1631 1388 1663 res

60 1703 298 1771 adspectu
331 1694 567 1753 indecora
603 1717 752 1751 esset:
814 1702 878 1749 ita
911 1700 1204 1750 huiusmodi
1237 1720 1389 1751 voca-

0 1793 10 1807 ’
59 1793 205 1856 bula,
260 1792 418 1842 alieno
454 1793 568 1840 loco
604 1791 829 1857 adspersa
841 1791 1189 1852 ,selocutionis
1226 1791 1389 1856 ded-e-

63 1901 177 1932 cora
210 1895 324 1930 sunt
359 1897 405 1931 et
438 1883 575 1931 velut
608 1881 836 1945 stigmata.
939 1872 1137 1930 Poterat
1179 1899 1315 1931 vero-
1341 1898 1387 1933 et

57 1973 213 2021 moles
246 1971 385 2033 istas,
435 1980 556 2037 quas
593 1986 840 2035 congestas
876 1988 982 2034 esse·
1015 1970 1167 2033 dicit,
1217 1972 1386 2020 omni-

59 2080 124 2110 no
159 2061 415 2127 persequi,
460 2076 506 2110 et
539 2063 589 2109 in
615 2059 1073 2127 reliqui-adparatus
1098 2058 1385 2126 descriptio-

57 2170 143 2207 ne,
188 2151 253 2198 ita
296 2151 396 2198 fere
441 2165 621 2199 mutata
656 2151 954 2206 narratione,
1001 2166 1386 2198 commemorare

59 2240 268 2287 camelos
305 2254 372 2288 et*
394 2241 634 2303 iumenta,
680 2258 877 2288 omnem
911 2238 1054 2285 luxus
1094 2239 1382 2304 epularum—

58 2347 157 2394 que
190 2329 439 2376 materiem
472 2331 728 2392 gestantia,
780 2344 862 2379 aut
895 2343 1097 2376 aceruos
1132 2327 1381 2388 frumenti,

59 2419 294 2484 exquisita
330 2419 560 2481 obsonia,
597 2435 680 2469 aut
713 2421 753 2468 si
788 2418 910 2486 quid
945 2415 1081 2466 aliud
1114 2416 1166 2463 in
1189 2415 1377 2465 deliciis

58 2525 158 2556 esse
194 2508 346 2555 solet:
396 2525 505 2567 ,non
543 2510 704 2557 omnia
737 2510 819 2575 ’,(εὶ
853 2506 1003 2556 modo
1053 2506 1245 2565 omnia)
1283 2522 1375 2569 pro

55 2598 286 2647 arbitratu
332 2599 396 2646 ita
442 2599 634 2664 prolixe
677 2616 957 2656 recensere,
1015 2614 1070 2644 ac
1118 2611 1375 2643 seruorum

912 2686 1027 2733 K2
