1752 3118
289 305 484 342 amn
685 286 783 335 DE
817 264 1293 335 ANAG'LYPHo

280 434 424 464 sensu
448 409 710 462 obseruasti
741 407 803 472 de
832 410 1015 475 magnis
1042 414 1199 461 omnis
1225 413 1497 462 literaturae
1518 412 1605 496 be:
1672 440 1674 443 ·

276 484 470 540 wihus,
514 481 756 535 Homem,
783 476 1030 537 Platone,
1073 480 1401 528 Demosthene
1438 485 1521 557 (πί
1555 501 1604 528 v.

272 568 315 599 s.
342 547 631 610 XXXVI.),
666 544 757 592 hos
790 543 1077 609 scriptores,
1114 566 1401 612 quamquam
1419 566 1454 594 a
1478 548 1605 595 vitiis

276 618 420 683 plane
442 634 540 663 non
554 614 812 673 immunes,
850 628 1013 659 omnes
1037 629 1196 661 tamen
1213 616 1333 662 vltra
1355 616 1606 663 mortalem

280 683 607 736 conditionem
646 693 842 727 euectos
883 696 996 726 esse.
1040 681 1212 728 Voluit
1244 681 1452 738 ἰσόθεος
1488 683 1604 745 fingi

272 748 580 799 citharoedus
600 747 707 810 ille,
745 754 860 794 cum
875 746 1028 794 laudis
1051 747 1312 796 studiosior
1325 749 1605 813 Apollinem

278 835 331 866 se
353 818 468 880 fingi
493 816 704 874 iuberet,
739 814 789 861 in
815 813 913 861 boc
938 815 1230 879 culpandus,
1267 815 1399 880 quod
1431 815 1606 863 leuiori

271 885 367 932 arti
392 886 557 949 ingens
578 894 800 930 statueret
821 881 1042 945 pretium.
1099 883 1204 959 Tu?
1242 901 1353 931 cum
1373 882 1433 930 de
1456 874 1608 930 subli-

271 953 440 1001 mitate
443 923 784 1009 ‘’disseret-es,
801 963 847 995 et
885 950 1319 1010 praestantissimis,
1368 951 1451 1014 qui
1474 951 1524 997 in
1551 967 1607 997 ea

279 1019 633 1074 excelluerunt,
670 1014 983 1090 scriptoribus
1002 1019 1210 1092 palmam
1231 1016 1466 1079 deferreS,
1505 1017 1607 1081 ipse

270 1086 339 1133 ad
376 1085 565 1132 excelsa
597 1082 809 1145 quaeuis
830 1082 1017 1129 erexisti
1046 1083 1255 1130 animum
1288 1097 1334 1131 et
1365 1082 1426 1130 de
1451 1084 1606 1131 subli-

276 1153 438 1218 mitate
474 1149 743 1198 sublimius
763 1150 987 1212 loquutus
1032 1167 1080 1197 es
1121 1167 1267 1214 quam
1300 1151 1422 1199 vllus
1457 1151 1605 1210 alius,

280 1220 364 1284 qui
395 1217 593 1282 quidem
618 1230 814 1263 aetatem
847 1216 984 1263 tule1
973 1231 1037 1277 1t
1079 1216 1271 1264 dicendi
1304 1218 1528 1278 magister
1541 1219 1606 1281 *)

274 1285 390 1334 Iure
423 1285 694 1348 meritoque
716 1283 884 1359 igitur·
882 1282 998 1329 Tibi
1025 1284 1448 1348 quoqueVictoria
1477 1284 1607 1331 diui-

273 1370 366 1402 nos
385 1352 541 1402 fundit
561 1351 773 1414 liquores
798 1364 844 1398 et
870 1350 918 1397 in
948 1349 1021 1396 Te
1047 1369 1241 1414 quoque
1267 1352 1496 1415 competit
1517 1368 1604 1398 uo-

268 1416 506 1467 -bilissima
517 1455 534 1478 ‚
566 1435 710 1482 quam
732 1416 782 1463 in
804 1416 973 1464 heroas
993 1418 1105 1480 illos
1129 1417 1312 1478 dixisti,
1348 1419 1602 1466 sententia:

274 1487 324 1535 ‘0
352 1487 454 1543 πᾶς
479 1484 662 1540 αὐτοῖς
682 1485 813 1530 αἰων
835 1486 930 1530 καὶ
947 1483 1068 1541 βίος
1090 1511 1157 1520 -—-
1179 1482 1348 1548 φέρων
1370 1483 1614 1532 ἀπέδωκε

274 1557 342 1601 τοὶ
365 1571 645 1618 νικητηρια
660 1554 756 1598 καὶ
772 1551 901 1614 ἄχυι
922 1551 1022 1598 νῦν
1049 1551 1384 1618 αναφαίρετα
1404 1551 1605 1618 φυλάτι

275 1640 353 1668 «τει
379 1625 473 1668 καὶ
496 1620 633 1667 ἔοικε
657 1634 925 1683 τηρησειν,
1165 1659 1170 1664 .

375 1695 457 1743 Ἔς
490 1696 546 1737 ἀν
576 1693 686 1747 ὕδωρ
716 1710 758 1735 τε
786 1694 885 1751 ῥέῃ,
923 1699 1000 1735 καὶ
1029 1695 1201 1749 δένδρεα
1229 1695 1577 1752 μακραᾼτεθηλῃ.

270 1764 421 1815 Nulla
457 1764 584 1811 enim
624 1780 833 1825 vnquam
880 1775 1052 1823 aetate,
1110 1763 1224 1811 dum
1261 1765 1410 1810 literis
1442 1763 1604 1810 honor

275 1842 387 1880 suus
411 1830 662 1891 constabit,
692 1828 799 1877 Tua
821 1829 1153 1878 obliterabitur
1179 1831 1421 1878 memoria.
1467 1829 1603 1885 Nun-

275 1918 418 1964 quam
457 1915 558 1945 non
602 1897 1060 1961 elegantissimorum
1092 1898 1345 1945 hominum
1383 1897 1600 1945 manibus

272 1980 453 2014 teretur
487 1965 682 2012 libellus
699 1963 832 2011 Tuus
854 1981 963 2013 vere
1001 1982 1184 2013 aureus.
1253 1964 1387 2024 Quid
1417 1963 1600 2013 multa?

272 2033 490 2082 Deorum
511 2031 912 2079 immortalitatem
933 2047 1261 2097 consequutus
1286 2050 1346 2080 es.

377 2098 527 2158 Quod
549 2114 598 2147 vt
620 2099 797 2146 maiore
819 2117 930 2146 cum
952 2100 1198 2167 voluptate
1216 2115 1263 2148 et
1277 2101 1435 2147 fructu
1453 2099 1600 2146 lecto-

275 2187 385 2216 rum
419 2168 512 2214 iam
550 2168 655 2225 fiat,
711 2166 864 2214 fecisti
899 2165 1095 2229 sedulo,
1155 2168 1222 2214 mi
1255 2166 1494 2230 Weigcli,
1550 2179 1598 2213 et

272 2236 412 2287 enixe
434 2234 734 2281 elaborasti
722 2253 771 2281 1n
798 2251 881 2293 eo,
918 2248 994 2294 vt,
1028 2248 1255 2297 quantum
1279 2235 1327 2281 in
1352 2234 1426 2281 Te
1450 2246 1596 2295 esset,

272 2302 472 2367 politior
505 2315 675 2348 tersioi
679 2318 772 2365 que
805 2299 1021 2365 prodiret
1060 2302 1264 2365 scriptor
1296 2301 1595 2349 cultissimus.

274 2369 443 2433 Itaque
479 2386 725 2415 successus
762 2368 1104 2432 augurabimur
1138 2368 1255 2416 huic
1290 2385 1485 2434 quoque
1519 2367 1598 2413 in—

272 2450 450 2501 coepto
461 2435 855 2499 exoptatissimos‚
873 2450 920 2482 et
935 2433 1236 2511 quodbonae
1250 2453 1444 2484 scaeuae
1458 2451 1597 2480 causa

271 2517 451 2553 vetetes
476 2502 838 2567 praemittebant
856 2502 987 2549 omni
1006 2503 1225 2565 negotio,
1262 2504 1341 2551 cui
1365 2520 1413 2550 se
1439 2501 1597 2565 acciu-

271 2584 461 2636 gerent,
496 2570 752 2617 formulam
774 2572 870 2617 0⁴1>v
888 2569 1017 2633 θεῷ,
1050 2570 1143 2617 hac
1162 2589 1360 2637 quoque
1382 2570 1599 2632 imagun-

282 2733 285 2740 ·
315 2717 343 2760 ⁴²)
368 2717 458 2752 Vide
474 2718 521 2750 sis
542 2711 733 2750 Morum'in
753 2717 847 2751 notis
868 2716 913 2751 ad
932 2729 961 2752 s.
982 2717 1122 2755 XXXV.
1148 2731 1183 2763 p.
1207 2730 1281 2753 201.
1302 2718 1355 2751 ed.
1379 2718 1490 2752 Moriss

1726 1197 1752 2165 ἒ

1720 2153 1752 2520 ξ
