1752 3118
83 252 363 296 LONGINI
391 250 473 291 DE
493 246 658 289 SVBL.
684 244 858 287 SECT.
888 242 1314 290 XXXVI—XXXVIII.
1334 261 1412 304 129

85 387 206 416 num
252 365 401 414 oratio
438 363 556 426 est):
611 373 860 426 praeterea
893 372 1074 408 statuae
1111 360 1316 423 quidem
1350 362 1413 410 si-

83 454 410 506 militudinem
461 469 576 500 cum
622 449 821 498 homine
856 449 1051 513 quaeri3
1098 448 1183 496 sed
1218 449 1271 496 in
1307 468 1413 499 ora-

84 546 216 594 tione
258 543 410 591 maius
458 540 612 607 quid,
659 557 805 605 quam
850 555 940 602 pro
982 537 1212 586 humana·
1242 538 1412 586 condi-

83 635 229 684 tione.
306 631 491 680 Tamen
540 643 916 678 consentaneum
964 641 1034 675 est
1078 626 1236 686 (redit
1282 629 1413 678 enim
1446 627 1478 671 4

81 723 204 772 haec
240 723 393 770 oratio
429 720 491 769 ad
524 721 718 768 initium
753 718 923 779 libri),
964 717 1197 782 quoniam
1231 717 1411 767 immu-

81 813 202 862 nitas
241 830 267 859 a
302 812 426 861 vitiis
462 811 756 875 plerumque
783 807 898 855 artis
925 821 1010 868 est,
1034 820 1080 855 et
1104 807 1409 872 magnitudo,

77 920 384 968 ‘quamquam
421 917 521 948 non
556 898 784 964 aequalis,
819 897 935 945 celsi
970 897 1136 958 animi,
1171 911 1272 946 arte
1305 899 1410 947 vbi..

81 1010 180 1058 que
205 991 427 1040 adiuuari
459 1004 700 1038 naturam:
736 1001 906 1035 mutua
938 983 1066 1034 e‘nim
1090 986 1270 1036 horum
1294 1004 1413 1037 cona

83 1082 340 1130 iunctione
377 1079 612 1145 perfectio
651 1076 888 1126 contineri
916 1075 1124 1124 videtur.
1160 1070 1408 1126 Hactenus

78 1172 227 1235 igitur
275 1170 548 1235 propositas
594 1165 899 1232 quaestiones
936 1163 1208 1216 diiudicare
1242 1185 1408 1216 neces-

80 1261 261 1308 sarium
294 1259 413 1322 fuit3
448 1256 535 1307 sed
570 1256 779 1322 quilibet
812 1274 898 1304 sua
931 1256 1119 1319 probet.

478 1414 513 1462 S
523 1413 564 1462 E
579 1414 617 1462 C
630 1412 688 1461 T.
754 1371 1019 1461 XXXVII.

77 1504 135 1573 F
137 1527 351 1576 initimae
374 1526 671 1592 metaphoris
696 1539 809 1574 sunt
823 1523 1151 1591 (redeundum
1165 1524 1293 1571 enim
1313 1524 1401 1589 est)

80 1616 462 1682 comparationes
499 1630 546 1664 et
579 1615 809 1680 imagines
846 1613 1263 1680 (descriptiones),
1300 1613 1399 1662 hoc

76 1723 172 1755 vno
209 1704 428 1755 diuersae
494 1732 525 1743 -
589 1734 623 1759 -2
687 1731 720 1744 -·

463 1863 498 1911 S
512 1862 551 1911 E
566 1862 605 1912 C
618 1861 676 1912 T.
722 1861 1014 1912 XXXVIII.

76 2004 104 2014 -
172 2004 203 2012 -
269 2002 301 2013 -
364 2005 395 2014 -
463 1990 510 2023 et
544 1977 688 2027 tales:
734 1979 850 2026 Nisi
881 1976 1132 2024 cerebrum
1166 1975 1219 2020 in
1254 1973 1405 2020 calci-

78 2065 168 2112 bus
211 2068 411 2127 gestetis
454 2076 501 2114 et
535 2069 740 2115 calcetis,
811 2065 967 2113 Nosse
1010 2064 1157 2127 igitur
1192 2074 1402 2128 oportet,

79 2168 316 2218 quantum
350 2155 401 2202 in
437 2156 661 2221 quolibet
694 2153 1113 2221 progrediendum
1135 2152 1220 2199 sit:
1255 2151 1403 2199 inter-

79 2242 200 2289 dum
238 2244 382 2304 enim,
419 2246 506 2310 qui
541 2247 661 2293 fines
697 2243 1062 2310 transgreditur,
1091 2241 1402 2309 hyperbolen

76 2333 236 2395 tollit,
272 2334 591 2399 laxanturque
625 2336 760 2396 talia,
793 2335 940 2383 nimis
975 2335 1174 2393 intenta,
1209 2349 1264 2378 ac
1298 2347 1400 2378 non

76 2441 345 2487 numquam
379 2423 429 2470 in
466 2424 761 2472 contrarium
796 2425 921 2474 adeo
957 2436 1222 2471 mutantur.
1294 2420 1399 2468 Iso·
1437 2439 1463 2468 2

77 2527 230 2561 crates
282 2531 419 2576 ergo,
491 2515 721 2577 quoniam
766 2515 927 2563 omnia
970 2530 1146 2577 augere
1189 2509 1399 2558 dicendo

72 2601 254 2667 voluit,
299 2602 463 2654 nescio
510 2620 612 2668 quo
647 2602 798 2653 modo
833 2604 897 2654 ad
930 2603 1136 2669 puerilia
1173 2599 1398 2663 delapsus

1082 2691 1109 2739 I
