1752 3118
177 269 462 312 LONGINI
496 267 577 309 DE
620 266 787 308 SVBL.
827 267 1008 309 SECT.
1037 270 1266 316 XXXVIII.
1324 276 1397 318 131

89 402 170 436 est.
218 385 417 434 Fecerat
451 381 580 430 enim
600 380 884 448 Panegyrici
918 397 1253 446 argumentum
1288 386 1401 448 hoc,

85 460 344 542 Spartanos
379 472 438 520 ab
471 469 848 520 Atheniensium
883 471 1073 520 ciuitate
1107 473 1401 523 beneficien-

83 567 149 614 tia
186 581 294 627 erga
330 560 541 608 Graecos
578 560 810 626 superari.
879 546 1003 609 Iam¹
1027 562 1182 609 statim
1216 563 1275 609 ab
1311 564 1402 611 ini-

83 653 151 701 tio
196 651 317 700 haec
359 649 533 698 hahet:
603 654 869 699 Praeterea
907 655 1218 716 ‘eloquentiae
1260 662 1403 702 tanta

80 745 156 792 vis·
189 750 261 789 est
269 777 286 799 ,
329 748 384 788 vt
414 757 601 803 magna
634 744 875 800 minuere,
901 758 1077 804 parua
1109 727 1295 804 augtere
1327 746 1402 791 di-

81 834 258 892 cendo,
294 832 356 877 de
380 832 566 893 priscis
600 847 754 886 nono,
798 833 861 877 de
893 832 1164 878 recentibus
1195 835 1400 896 antiquo

77 923 221 968 modo
256 922 417 967 dicere
439 922 616 982 pos-cit.
683 917 823 976 Quid
859 935 998 982 ergo,
1044 918 1174 968 dicat
1206 921 1399 988 aliquis,

77 1007 345 1070 Isocrates,
412 1008 538 1057 itane
597 1009 738 1057 etiam
788 1007 1288 1059 Lacedaemoniorum
1350 1027 1398 1060 et

76 1097 451 1147 Atheniensium
484 1116 559 1146 res
596 1097 911 1145 immutabis?
953 1082 1078 1145 Nam
1115 1099 1260 1148 laude
1297 1099 1397 1149 elo-

77 1188 302 1252 quentiae
343 1187 413 1234 sic
456 1204 568 1235 vsus
614 1201 711 1246 est,
780 1201 832 1234 vt
864 1187 1203 1251 praenunciet,
1273 1187 1398 1236 diffi-

76 1275 296 1325 dendum
340 1293 468 1339 esse,
515 1276 669 1343 idque
715 1295 828 1325 cum
871 1275 1047 1324 damno
1083 1293 1172 1324 suo
1208 1277 1397 1335 audito-

73 1384 151 1416 res
185 1366 424 1415 hortetur.
527 1366 820 1415 Videndum
858 1385 999 1431 ergo,
1034 1384 1221 1429 annon,
1257 1367 1395 1432 quod

73 1455 169 1502 iam
219 1455 281 1504 de
329 1451 503 1520 figuris'
545 1455 678 1518 dixi,
722 1458 931 1522 optimae
975 1456 1276 1523 hyperbolae
1315 1476 1396 1506 eae

76 1545 187 1606 sint,
222 1564 342 1611 quas
376 1547 457 1594 vix
492 1537 666 1594 sentias
701 1545 995 1613 hyperbolas
1016 1564 1140 1595 esse:
1176 1547 1228 1595 id
1257 1548 1395 1613 quod

73 1633 139 1681 ita
175 1635 230 1681 fit
242 1671 256 1697 ,
291 1636 332 1684 si
367 1636 426 1684 ab
465 1625 660 1683 adfectu
698 1650 744 1685 et
777 1634 1110 1700 magnitudine
1146 1635 1395 1686 adiuncta-

73 1740 184 1770 rum
228 1743 390 1774 rerum
436 1726 836 1791 proficiscantur,
880 1739 931 1774 vt
975 1725 1106 1791 apud
1142 1725 1394 1793 Thucydi-

73 1812 188 1862 dem
222 1815 274 1863 in
310 1817 583 1864 narratione
619 1815 682 1863 de
715 1815 799 1876 iis,
857 1814 946 1880 qui
981 1814 1033 1862 in
1068 1815 1395 1882 Siciliaperi-

75 1918 231 1953 erunt.
307 1908 615 1970 Syracusani
667 1907 825 1964 enim,
894 1904 1080 1970 inquit,
1146 1908 1233 1969 qui
1274 1914 1396 1969 post

70 1998 197 2043 alios
230 1998 282 2043 in
301 1998 522 2061 fluuium
557 1998 930 2055 descenderant,
975 2014 1058 2044 eos
1082 1998 1395 2058 potissimum

74 2085 358 2141 caedebant,
392 2089 479 2149 qui
512 2088 613 2133 iam
646 2089 698 2133 in
732 2104 787 2134 eo
822 2095 975 2135 erant.
1040 2088 1219 2134 Statim
1251 2087 1393 2133 vitia·

72 2182 126 2220 ta
159 2183 231 2220 est
263 2192 407 2237 aqua.
463 2177 630 2223 Nihilo
661 2177 824 2224 minus
855 2181 958 2224 vna
990 2193 1099 2223 cum
1132 2178 1247 2223 limo
1281 2192 1393 2222 san·

68 2265 357 2324 gninolenta
398 2263 673 2327 bibebatur,
718 2283 780 2314 ac
812 2268 1045 2330 plerique
1077 2267 1201 2312 adeo
1237 2267 1299 2312 de
1332 2281 1392 2311 ea

71 2352 435 2414 depugnabant.
503 2353 796 2419 Sanguinem
841 2371 887 2404 et
937 2355 1112 2403 limum
1154 2353 1286 2414 bibi,
1345 2366 1391 2401 et

73 2439 135 2488 de
182 2459 239 2489 eo
286 2440 407 2490 adeo
455 2444 652 2506 certari,
699 2444 936 2494 credibile
984 2446 1039 2493 fit
1071 2457 1271 2510 propter
1306 2440 1389 2489 ad-

1430 1375 1460 1420 Ο]

70 2531 224 2578 fectus
267 2530 619 2580 vehementiam
676 2548 722 2583 et
764 2553 839 2584 res
885 2534 1151 2584 adiunctas.
1219 2531 1386 2580 Simile
1421 2531 1451 2575 4

72 2635 142 2669 est
183 2620 527 2671 Herodoteum
573 2622 635 2681 de
670 2623 752 2685 iis,
797 2626 881 2692 qui
927 2624 991 2675 ad
1033 2621 1388 2688 Thermopylas

1063 2714 1089 2762 Ι
1119 2730 1153 2761 a
