1752 3118
321 316 448 350 cv111
532 298 1059 349 DISSERTATIO
1091 299 1423 349 CRITICA

315 422 587 472 Ruhnkenii
598 423 946 472 dissertatione:
971 421 1055 471 sed
1077 437 1327 487 postquam
1350 423 1480 470 Hier.
1496 424 1642 470 Ama-

317 490 412 537 tius
449 489 511 537 de
538 491 724 553 vulgari
751 491 1068 555 inscriptione
1103 491 1215 537 libri
1247 492 1415 537 iustam
1450 489 1642 537 dubita-

315 557 498 620 tionem
521 552 700 616 iniecit,
736 575 833 605 non
855 559 949 604 iam
970 557 1242 619 Longinum
1269 558 1423 618 illum,
1462 556 1519 603 de
1542 575 1638 621 quo

313 622 629 672 Ruhnkenius
650 623 884 684 disseruit,
908 623 993 671 sed
1009 624 1155 672 alium
1181 624 1386 688 cogitare
1405 622 1636 671 debemus

315 704 571 738 auctorem.
642 689 823 739 Verum
857 690 918 739 de
951 690 1047 738 hoc
1073 692 1301 756 quoniam
1323 708 1379 737 ex
1401 690 1505 737 aliis
1532 707 1641 737 mo-

314 756 552 805 numentis
584 756 722 821 plane
756 758 878 807 nihil
914 775 1077 806 eruere
1101 776 1381 822 possumus,
1418 771 1558 820 atque
1582 773 1639 804 ex

312 824 421 871 solo
456 822 554 868 eius
590 824 716 872 libro
760 824 968 890 pendere
1004 825 1247 888 cogimur,
1299 841 1487 888 agemus
1518 822 1637 883 iam,

315 888 451 953 quod
482 906 625 937 vnum
648 891 785 950 licet,
823 907 892 952 et,
929 909 1050 957 quaev
1075 892 1177 957 ipse
1201 891 1342 941 nohis
1367 888 1638 954 suppedita-

311 957 380 1013 vit
392 991 408 1018 ,
445 953 503 1003 de
530 972 587 1004 eo
608 958 1143 1025 breviter-exponemus,

899 1070 936 1133 §-
980 1070 1044 1117 11.

443 1156 503 1205 In
531 1155 695 1206 medio
719 1158 819 1205 fere
852 1157 1012 1205 aetatis
1036 1159 1155 1204 fl'ore
1181 1160 1427 1205 auctorem
1454 1157 1638 1206 consti-

309 1237 466 1273 tutum
499 1224 670 1285 fuisse,
716 1234 828 1271 cum
865 1224 995 1272 hunc
1023 1240 1073 1271 π.
1104 1223 1149 1270 ὑ.
1180 1223 1360 1271 librum
1391 1224 1638 1285 scriberet,

308 1291 502 1355 integris
554 1305 680 1338 certe
724 1291 997 1355 vegetisque
1043 1290 1200 1338 adhuc
1235 1292 1405 1339 mentis
1455 1291 1635 1339 viribus

308 1376 445 1406 vsum
468 1375 594 1419 esse,
630 1358 779 1404 multa
802 1356 1051 1405 declarant.
1118 1358 1244 1404 Nam
1273 1358 1508 1404 iuniorem
1532 1372 1636 1405 tum

307 1424 478 1484 fuisse,
517 1426 595 1471 vix
618 1422 848 1472 credibile
871 1438 959 1486 est,
993 1440 1105 1472 cum
1124 1424 1216 1471 iam
1236 1424 1373 1488 plura
1393 1423 1633 1486 edidisset,

306 1505 358 1539 vt
381 1490 504 1538 duos
526 1491 679 1538 libros
703 1490 811 1538 satis
831 1492 1027 1556 copiose
1058 1490 1260 1555 scriptos
1291 1494 1353 1538 de
1374 1492 1635 1542 verborum

296 1561 655 1621 compositione
676 1559 915 1622 (5991),
950 1558 1180 1606 nonnulla
1212 1560 1275 1605 cle
1308 1559 1638 1621 Xenophonte-

305 1626 375 1687 (8,
404 1626 471 1686 1),
506 1637 553 1672 et
572 1625 661 1671 alia
680 1625 878 1673 fortasse
892 1662 908 1684 ‚
944 1642 1154 1689 quorum
1178 1639 1506 1688 argumentum
1522 1624 1634 1690 ¹ipse

294 1690 486 1738 «diserte
505 1709 604 1739 non
626 1690 816 1740 indicat.
852 1690 964 1739 Vid.
994 1710 1039 1755 9,
1066 1709 1103 1739 '2
1128 1706 1174 1740 et
1191 1695 1271 1754 25,
1300 1694 1344 1738 4.
1413 1690 1633 1750 Accedit,

294 1757 443 1823 zquod
464 1757 592 1823 apud
614 1758 973 1819 Terentianum,
1007 1760 1254 1807 hominem
1278 1757 1475 1822 doctum
1495 1765 1564 1818 (1,
1583 1762 1631 1818 5)

304 1824 609 1890 eundemque
649 1824 886 1875 oratorem
930 1826 981 1874 in
1010 1827 1116 1876 foro
1151 1825 1458 1874 exercitatum
1498 1832 1574 1884 (1,
1601 1842 1628 1872 2

295 1905 354 1940 'et
375 1899 426 1951 4)
442 1930 455 1952 ,
478 1910 531 1941 ea
559 1892 750 1941 valebat
766 1893 1082 1955 auctoritate,
1104 1908 1154 1942 vt
1177 1892 1496 1958 praeceptoris
1518 1907 1631 1948 mu÷

297 1975 418 2007 nere
438 1958 794 2025 quodammodo
818 1961 953 2024 fungi
971 1978 1069 2008 non
1096 1960 1343 2008 dubitaret.
1379 1958 1491 2007 Vid.
1512 1972 1634 2007 nott.

295 2025 364 2073 -ad
378 2031 456 2085 15,
480 2045 502 2073 1
531 2025 591 2074 de
615 2043 662 2074 v.
683 2026 882 2076 νεανία.
904 2028 1074 2092 Neque
1098 2045 1210 2076 vero
1231 2026 1464 2074 senectuti
1483 2026 1628 2073 fuisse

294 2094 657 2159 propinquum,
705 2090 851 2150 docet
886 2094 1179 2145 admirabilis
1211 2095 1349 2158 vigor
1387 2108 1433 2140 et
1457 2094 1527 2141 vis
1554 2091 1631 2141 di·-

287 2161 444 2207 =cendi
479 2179 568 2224 per
581 2176 746 2209 *totum
779 2162 955 2210 librum
992 2162 1302 2227 aequabiliter
1331 2177 1381 2207 se
1412 2162 1628 2219 efferens,

298 2228 533 2291 nulloque
555 2228 669 2277 loco
695 2227 754 2276 ad
776 2229 1059 2292 languorem.
1080 2230 1282 2294 delapsa.
1316 2227 1426 2274 Alia
1450 2227 1629 2288 ingenii

297 2295 454 2359 vegeti
478 2295 609 2359 signa
627 2308 738 2360 post
758 2297 1045 2363 notabimus.
1089 2297 1188 2345 sed
1212 2296 1285 2343 vel
1310 2294 1407 2342 hoc
1425 2294 1626 2358 integras

294 2361 717 2425 iuuentutisvircs
752 2363 930 2426 arguit,
981 2364 1115 2428 quod
1146 2364 1197 2410 in
1232 2376 1436 2410 extrema
1470 2361 1626 2426 operis

297 2442 455 2492 parte,
502 2447 615 2476 cum
651 2430 744 2478 iam
772 2448 798 2477 a
822 2429 990 2479 labore
1022 2431 1321 2496 requiescere
1344 2442 1527 2495 posset,
1565 2426 1627 2475 ad

299 2512 443 2560 quem
468 2511 636 2561 rogatu
655 2496 792 2545 amici
815 2499 1041 2546 excitatus
1061 2500 1226 2559 fuerat,
1264 2496 1324 2546 ad
1350 2494 1480 2543 aliud
1503 2510 1624 2557 opus

297 2561 414 2610 huic
447 2564 583 2619 affine
604 2582 656 2612 se
679 2564 984 2613 transiturum
1011 2564 1230 2615 ostendit.
1303 2561 1399 2611 Sed
1424 2580 1511 2608 cur
1533 2578 1623 2623 ego

296 2628 377 2690 id,
413 2629 547 2694 quod
580 2630 662 2679 hic
682 2632 832 2680 levius
860 2632 1065 2692 videtur,
1102 2647 1198 2680 tam
1223 2630 1382 2677 multis
1412 2626 1535 2690 ago?
1574 2642 1624 2675 vt

297 2696 609 2761 intelligatur,
646 2716 940 2766 anonymum
971 2714 1187 2750 nostrum
1217 2699 1274 2747 ad
1302 2715 1407 2746 eam
1428 2708 1623 2744 aetatem
