1758 3162
568 297 968 351 EDITORIS.
1164 311 1168 315 ·
1342 320 1437 354 xm
1486 283 1490 286 ⁴

115 460 215 509 quo
233 454 364 492 ante,
396 451 656 501 possumus
674 433 999 499 argumentari
1019 431 1440 502 probabiliterque

111 543 345 587 statuere,
391 525 638 579 lacunam,
684 543 811 587 quae
842 523 1094 588 sequitur,
1131 542 1233 573 esse
1265 526 1440 577 codice

109 620 198 667 illo
233 614 568 680 antiquiorem.
649 611 779 675 Ergo
806 631 967 678 neque
1004 606 1200 661 necesse
1231 629 1329 677 est,
1391 631 1441 664 vt

107 707 223 757 folia
256 707 341 753 illa
372 704 501 765 duo,
537 703 674 768 prius
705 700 822 750 inde
856 702 916 749 ab
941 707 995 758 8,
1037 720 1077 749 ι.
1104 702 1170 758 ὦς
1193 702 1297 750 κᾶν
1332 710 1439 761 τοῖς

105 814 156 847 π.
180 797 233 848 Ξ.
265 814 416 861 vsquc
448 793 509 842 ad
543 811 601 857 9,
632 807 673 841 4.
707 794 801 854 ἐγώ
831 793 930 856 μὲν
954 788 1249 857 ἠρκέσθην,
1285 807 1331 842 et
1350 812 1439 859 po-

107 887 279 935 sterius
315 883 432 933 inde
466 903 492 933 a
529 903 586 947 9,
625 888 667 932 4.
704 888 834 948 (post
870 900 1181 931 communem
1217 884 1438 933 omnium

107 974 252 1025 codd.
311 975 565 1037 lacunam)
626 992 779 1038 vsque
840 972 904 1020 ad
979 972 1017 1036 ᾗ.
1070 990 1143 1021 10.
1218 972 1437 1038 ποίησον

105 1065 384 1129 δἀὶθρην,
429 1064 517 1122 δὸς
547 1064 599 1113 δ’
638 1064 997 1127 ὀφθαλμοῖσιν
1031 1061 1267 1122 ἰδέσθαι,
1303 1064 1439 1112 salua

107 1154 375 1203 exstiterint
410 1154 462 1201 in
497 1153 607 1205 cod.
645 1154 891 1210 Parisino,
949 1173 1063 1201 cum
1101 1153 1248 1202 ceteri
1286 1151 1435 1202 codd.

105 1245 454 1292 scriberentur.
525 1243 651 1291 Nam
679 1261 735 1292 ex
760 1244 864 1291 aliis
890 1244 1006 1293 item
1034 1242 1319 1303 codicibus,
1354 1256 1438 1291 aut

107 1351 134 1381 e
169 1333 492 1380 vetustissimo
529 1332 619 1382 illo
655 1333 952 1399 archetyp0,
1012 1333 1215 1380 Parisini
1252 1332 1437 1380 codicis

104 1422 264 1483 fonte,
298 1423 426 1470 sumi
446 1436 711 1486 potuerunt
732 1423 842 1483 illa,
879 1441 1006 1487 quae
1028 1423 1126 1470 iam
1148 1422 1198 1468 in
1219 1420 1318 1471 hoc
1338 1438 1436 1470 vno

106 1511 325 1560 Parisino
357 1510 704 1559 desiderantur.
775 1507 1034 1555 Falluntur
1063 1526 1204 1570 ergo,
1239 1510 1326 1574 qui
1360 1530 1436 1559 re.

105 1601 379 1649 centiorum
402 1596 634 1647 codicum
654 1613 796 1643 vsum
816 1595 867 1642 in
884 1596 972 1644 illo
992 1611 1180 1645 tantum
1202 1617 1303 1647 esse
1321 1600 1436 1648 loco

101 1703 342 1746 statuunt,
398 1703 546 1751 quem
587 1684 739 1733 modo
786 1684 1145 1750 iudicauimus,
1203 1688 1288 1735 vbi
1324 1704 1436 1753 post

99 1780 223 1828 sacta
248 1777 366 1833 iam,
400 1789 450 1823 vt
471 1774 671 1836 volunt,
716 1776 994 1840 apographa
1010 1812 1024 1838 ,
1059 1776 1161 1825 duo
1186 1778 1302 1825 solia
1324 1796 1435 1843 per-

99 1867 261 1915 ierunt
307 1885 332 1915 e
378 1863 549 1913 codice
584 1864 819 1913 Parisino.
890 1863 1015 1912 Nam
1060 1866 1236 1914 rectius
1275 1870 1431 1917 multa

99 1957 287 2004 librarii
313 1974 338 2004 e
365 1954 566 2017 codice,
603 1955 692 2020 qui
718 1953 912 2002 dudum
939 1956 1108 2021 periit,
1144 1971 1226 2005 aut
1246 1976 1271 2006 e
1296 1958 1433 2007 codi-

103 2047 243 2114 cibns
271 2045 420 2109 magis
448 2043 737 2106 emendatis,
775 2046 862 2111 qui
886 2063 943 2094 ex
970 2064 1028 2095 eo
1049 2047 1313 2106 fluxerant,
1350 2047 1434 2096 de-

102 2137 427 2202 scripserunt:
466 2153 680 2200 quorum
713 2136 983 2201 specimina
1024 2136 1261 2185 habemus
1297 2141 1352 2193 5,
1388 2143 1432 2186 4.

102 2227 164 2288 4,
184 2243 226 2274 2.
269 2230 326 2274 15
342 2262 356 2287 ,
381 2242 426 2273 2.
451 2224 657 2290 aliisque
677 2226 815 2274 lociS.

201 2313 371 2374 Adde,
428 2314 567 2381 quod
614 2317 833 2381 exempla
877 2317 999 2365 olim
1043 2318 1351 2380 exstiterunt,
1404 2336 1431 2365 e

104 2404 281 2468 quibus
315 2404 605 2470 depromere
645 2406 830 2470 integra
866 2422 913 2456 et
942 2426 1052 2456 sana
1090 2423 1286 2474 possent
1318 2406 1428 2454 dili·-

104 2507 268 2555 gentes
299 2492 510 2555 librarii,
540 2495 578 2541 si
605 2495 728 2560 quid
764 2496 816 2544 in
846 2496 1018 2546 codice
1050 2498 1267 2546 Parisino
1294 2515 1428 2545 man-

105 2599 215 2628 cum
241 2597 362 2630 esset
390 2596 472 2631 aut
498 2584 829 2649 deprauatum.
899 2587 971 2636 Ita
994 2603 1052 2634 ex
1078 2587 1183 2635 aliis
1210 2587 1428 2636 restituta

103 2686 215 2720 sunt
244 2687 454 2728 extrema
488 2675 714 2725 sectionis
757 2695 808 2739 2,
842 2675 998 2743 φύσις
1027 2680 1123 2741 τήν
1155 2678 1246 2740 τῆς
1274 2677 1426 2724 εύτ...
