1718 3122
600 245 800 311 ,ιιΒιξι
830 252 888 290 Π.
922 253 969 301 Υ.
1372 262 1453 309 603

211 371 398 410 γυναικ.,
426 374 462 399 τ.
482 354 586 410 τοῦ]
607 358 762 398 Vat.'2.
787 373 828 412 p.
843 361 910 400 64.
935 366 1236 419 γεναικονότην
1261 372 1338 422 τήν
1354 374 1450 425 τοῖς.

127 411 241 450 Idem
259 427 301 464 p.
315 415 380 452 61.
402 413 712 465 γυναικονότην
724 413 800 464 τήν
822 416 906 457 τοῦ.
928 419 1019 458 Vat.
1034 421 1071 465 5.
1085 429 1340 474 γυναικῶνι
1361 419 1454 471 τιν’.

129 466 206 515 τήν
228 469 312 508 τοῦ.
342 467 474 519 Marg.
491 467 690 518 κονήτην.

212 522 477 577 ἀνδρωνῖτιν]
507 524 600 564 Vat.
621 526 661 564 3.
683 525 848 581 ᾰνδρῶν
869 534 965 572 ἰτιν.

207 579 279 620 τόν
299 594 343 633 γε
361 595 406 634 μ.
428 607 436 616 .
451 606 459 616 -
473 607 482 616 ·
500 582 699 635 μαγεῖον]
723 584 814 624 Vat.
830 597 868 624 2.
894 600 932 639 p.
957 585 1024 626 64.
1057 587 1130 630 τόν
1149 591 1280 645 γεμῆν
1307 595 1448 645 πλῆνα

128 634 209 674 τῶν
227 634 341 679 ἐντός
359 638 551 690 μαγεῖον.
601 637 663 676 ld.
686 651 729 691 Ρ.
756 640 821 679 61.
841 641 915 683 τόν
934 642 1085 699 γενμῆν
1103 647 1263 695 πλῆναι
1279 651 1360 691 τῶν
1382 657 1448 694 ἐν-

127 689 197 734 τός
215 692 405 746 μαγείον.
438 690 528 732 vat.
549 692 646 735 3,.in
663 699 784 737 textu
805 695 1207 753 ῌαῦθῑμαγειρεῖση
1241 704 1286 742 in
1315 719 1446 759 marg.

124 752 262 784 autem
291 749 480 801 μαγεῖον.
519 747 602 786 Sed
631 748 757 790 Laur.
789 752 833 790 in
861 753 953 805 ipso
981 761 1101 796 textu
1128 763 1323 812 μαγεῖον.
1364 762 1448 803 Pro

122 800 204 840 hoc
228 802 273 840 in
300 801 393 842 Par.
419 802 562 841 Ambr.
592 803 656 842 El.
692 812 735 844 et
768 807 886 846 editt.
907 817 1009 850 vett.
1041 812 1243 864 scsiptum
1271 824 1332 856 est
1355 835 1449 872 μα..

122 862 322 910 γενρεῖον.
371 856 435 896 El.
452 859 497 897 in
519 872 649 912 marg.
675 862 797 909 affert
813 867 1066 919 ἐκμαγεῖον,
1104 870 1212 920 quod
1234 878 1274 911 et
1297 872 1448 913 Portus

122 913 166 949 in
187 914 502 957 commentario.
553 914 636 954 Pro
657 915 731 958 τόν
754 934 797 972 γε
815 920 859 957 in
878 920 982 959 Rob.
1002 935 1244 974 expressum
1263 927 1368 982 τόγε.

208 973 276 1010 Μ.
302 969 344 1010 δὲ
367 969 519 1023 ταῦτα]
542 971 632 1014 Vat.
647 985 686 1012 2.
710 988 753 1026 p.
778 975 844 1014 64.
860 993 908 1032 μ.
930 976 974 1018 δὲ
995 978 1157 1021 ταῦται.
1187 981 1304 1023 Idem
1321 998 1364 1037 Ρ.
1381 986 1450 1028 6ιέ

122 1040 169 1079 μ.
186 1024 229 1064 δὲ
247 1024 414 1069 ταῦτας.

206 1083 329 1133 σαρξὶ
349 1097 419 1130 m,
449 1096 519 1132 φ.,
558 1087 754 1139 κατεσκ.]
786 1087 878 1126 Par.
911 1096 1016 1129 teste
1037 1089 1113 1133 B.:
1149 1095 1273 1145 σαρξὶ
1300 1094 1448 1144 πάντα

122 1135 255 1186 φύσιν
264 1143 290 1162 “
308 1143 409 1187 (uon
431 1141 571 1188 φίσιν,
592 1147 641 1179 vt
662 1141 870 1182 aPearcio
891 1147 1123 1196 proditum)
1141 1153 1448 1193 κατεσκίασαν.

122 1191 214 1230 Vat.
235 1205 276 1233 2.
299 1207 340 1246 p.
357 1193 422 1232 64.
446 1195 570 1247 σαρξὶ
592 1194 739 1237 πάντα
758 1200 1062 1243 κατεσκιάσαν.
1091 1203 1152 1241 ld.
1177 1218 1215 1255 p.
1238 1206 1304 1245 61.
1322 1210 1448 1259 σαρξὶ

120 1261 268 1288 παντα
295 1248 426 1299 φύσιν
446 1251 753 1295 κατεσκιάσαν.
793 1254 884 1295 Vat.
903 1255 940 1295 3.
964 1259 1089 1311 σαρξὶ
1109 1258 1280 1309 πάντα,
1313 1263 1446 1314 φύσιν

119 1308 433 1353 καιέσκίασαν.1
489 1305 692 1346 Similiter
716 1323 794 1360 pro
818 1317 925 1362 φησὶ
953 1315 1095 1352 Ambr.
1123 1314 1230 1366 φύσι
1253 1321 1447 1368 praebet,

117 1358 243 1399 Laur.
274 1367 412 1400 autem
439 1360 584 1413 φύσιν.
623 1363 781 1405 Manut.
811 1369 936 1421 σαρξὶ
957 1370 1108 1422 πάντα
1137 1370 1250 1418 αὐτοὶ
1281 1374 1445 1430 (φησὶ)

119 1420 417 1457 κατεσκίασαν
442 1420 623 1460 ἄνωθεν.

200 1471 420 1527 προβολήν
437 1474 519 1516 τῶν
538 1474 598 1524 ἕξ.
609 1504 618 1512 .
635 1504 644 1513 .
660 1506 668 1514 .
681 1476 922 1533 πιλήματα]
935 1479 1143 1521 Manutius
1164 1482 1208 1520 in
1223 1483 1323 1536 ipsis
1343 1500 1446 1526 ver-

117 1527 178 1566 bis
196 1529 379 1567 auctoris
396 1528 500 1578 haec
520 1531 647 1570 habet
662 1534 814 1585 posita:
845 1536 1069 1591 προβολήν
1090 1537 1172 1578 τῶν
1187 1539 1340 1590 ἔξωθεν
1366 1541 1444 1591 τήν

117 1582 276 1635 σάρκα,
315 1583 410 1624 οἷον
441 1585 494 1626 τοὶ
520 1586 779 1643 πηδήματα,
807 1594 1086 1646 προθέμενοι.
1144 1593 1225 1633 Sed
1245 1597 1296 1635 ad
1317 1597 1445 1645 finem

117 1638 227 1677 inter
251 1647 390 1678 errata
415 1648 587 1694 typogr.
602 1646 789 1696 reposuit
809 1645 914 1685 haec
933 1654 1130 1699 tanquam
1152 1665 1274 1689 vera:
1302 1652 1379 1702 τήν
1402 1655 1446 1694 δὲ

116 1693 284 1747 σάρκα,
318 1699 444 1750 προβ.
465 1703 506 1735 et
520 1704 681 1747 cetera,
717 1714 848 1752 Vsque
867 1703 926 1755 ³4
942 1703 1215 1754 ὑπείκουσαν,
1237 1721 1343 1759 quae
1366 1723 1444 1749 nos
1473 1743 1475 1745 .

115 1763 138 1787 e
159 1749 331 1790 Platone
355 1752 399 1789 in
417 1758 522 1792 nott.
546 1767 587 1805 p.
610 1754 706 1805 394.
728 1758 995 1808 protulimus.

196 1805 270 1856 τήν
296 1806 462 1861 σάρκα,
509 1808 603 1850 οἷον
631 1810 687 1851 ta*
720 1813 795 1866 π.]
830 1814 921 1860 Vat.
945 1827 982 1854 2.
1015 1829 1057 1867 p.
1088 1815 1156 1856 64.
1186 1817 1266 1868 τήν
1295 1819 1443 1875 σάρκα

115 1861 207 1903 νῖον
226 1861 282 1902 w?
302 1862 549 1918 πηδήματα.
594 1864 710 1905 Idem
727 1881 768 1919 p.
792 1870 858 1909 61.
884 1869 962 1924 τήν
984 1870 1068 1924 σοίρ
1094 1874 1250 1915 κανῖον
1275 1875 1331 1920 τοὶ
1353 1892 1441 1927 πη-

114 1917 299 1971 δήματα.
336 1917 427 1958 vat.
448 1921 488 1958 3.
513 1919 592 1970 τήν
614 1922 758 1973 σάρκα
779 1925 930 1965 οῖοντα
948 1926 1197 1982 πηδήματα.
1237 1929 1369 1970 Etiam
1397 1934 1443 1972 in

114 1974 281 2022 Ambr.,
314 1981 355 2012 et
382 1973 469 2024 El„
508 1982 557 2026 vt
585 1982 628 2015 et
657 1977 702 2015 in
724 1977 833 2028 Rob.
859 1988 921 2020 est
950 1981 1210 2038 πηδήματαε
1237 1986 1281 2023 in
1310 2001 1442 2041 marg.

112 2028 175 2067 El.
195 2028 363 2078 πιλητοῖ.
586 2039 591 2043 ’

196 2084 496 2139 διωχέτευσαν]
520 2086 613 2131 Par.
640 2094 744 2128 teste
766 2090 809 2131 B.
833 2097 875 2130 et
893 2093 987 2132 Vat.
1012 2106 1051 2134 2.
1068 2107 1112 2146 p.
1135 2096 1202 2148 61.
1228 2096 1444 2150 διοχέτευέ

114 2154 208 2182 σαν.
254 2141 377 2180 Laur.
399 2142 666 2193 διωχέτεσαν.
709 2145 809 2186 Rob.
835 2161 929 2187 cum
951 2163 1061 2203 seqq.
1078 2150 1137 2190 ita
1160 2152 1316 2206 iungit:
1348 2154 1442 2196 διο-

106 2195 359 2248 χετεύσαντο
380 2198 506 2252 σῶμα
525 2202 769 2254 τέμνοντες,
799 2199 908 2244 ὥσπ.
928 2212 1007 2249 etc.
1047 2206 1051 2211 ”

197 2254 432 2307 τέμνοντες]
457 2254 550 2294 Vat.
567 2264 607 2294 2.
629 2270 670 2308 p.
694 2259 760 2296 61.
785 2263 1014 2314 τέμνοντες.

196 2307 407 2358 ἐπιόντος,
431 2309 500 2364 οἷρ.
516 2339 524 2348 .
537 2339 545 2348 .
560 2313 744 2367 φλεβῶν]
758 2315 850 2355 Vat.
864 2329 903 2355 2.
920 2330 961 2369 p.
976 2319 1041 2359 64.
1053 2322 1119 2361 ἐπὶ.
1128 2322 1252 2366 όντος
1263 2320 1438 2376 α’ραιοῧ,

111 2363 232 2406 ὄντος
251 2363 391 2406 αὐλῶν
412 2381 464 2406 σο
488 2366 563 2407 τοῦ
589 2367 779 2422 σόματος
801 2371 856 2413 τοὶ
883 2372 964 2415 τῶν
985 2377 1165 2430 φλεβῶν.
1221 2379 1268 2417 ln
1291 2379 1439 2418 eodem

110 2433 152 2471 p.
174 2422 241 2459 61.
259 2420 338 2458 illa
367 2421 425 2459 sic
452 2431 651 2474 corrupta
663 2440 675 2462 :.
698 2429 768 2466 ἐπὶ
798 2426 918 2472 ὄντος
947 2430 1121 2483 α’ραιοῦ,
1150 2433 1275 2478 ὄντος
1295 2435 1438 2475 αὐλῶν

112 2490 163 2514 σο
193 2474 268 2515 τοῦ
293 2475 482 2531 σόματος
507 2481 705 2528 ἐπιόντος
733 2481 912 2537 ἀραιοῦ,
963 2486 1086 2532 ὄντος
1114 2488 1254 2531 αὐλῶν
1281 2506 1331 2531 σο
1363 2489 1440 2531 τοῦ

113 2530 310 2585 σώματος
331 2532 384 2571 τά
404 2536 484 2574 τῶν
510 2536 697 2591 φλοβῶν.

195 2586 302 2639 ῥέοι]
332 2587 440 2627 Man.
466 2589 583 2642 ῥέων.

194 2641 346 2695 αὐτήν]
376 2644 466 2684 vat.
489 2658 528 2687 2.
553 2647 775 2701 vtrobique
797 2650 944 2701 αὐτῆν.
