1752 3118
196 303 294 353 ET
330 302 691 354 SCRIPTIS
725 302 1086 353 LONGINI.
1163 323 1412 360 Lxxxxvn

92 429 233 477 animi
257 423 431 477 roboro
448 426 737 492 supplicium
760 426 921 487 subiit,
957 440 1021 486 vt,
1058 427 1142 492 qui
1160 428 1263 492 ipse
1289 449 1409 480 con-

91 494 316 544 solandus
348 507 492 557 esset,
527 495 729 542 aliorum
753 512 811 542 ex
834 495 924 542 hae
958 495 1221 542 calamitate
1245 515 1406 546 susce-

90 577 224 627 ptum
272 561 494 610 dolorem
540 562 882 610 consolaretur
962 560 1032 610 Ita
1077 562 1160 610 ille
1204 563 1253 611 in
1298 564 1403 629 ipso

89 629 259 677 mortis
293 628 493 677 articulo
516 646 684 678 velum
714 645 764 676 se
782 627 1127 694 philosophum
1149 632 1403 696 praestitit,

89 696 529 760 sanctissimumque
572 694 846 773 Socratem,
901 694 961 742 ad
1010 697 1145 744 cuius
1187 715 1405 748 normam

90 776 136 810 et
169 762 436 811 studiorum
469 777 516 811 et
547 762 668 812 vitae
704 763 939 822 rationem
969 763 1226 824 direxerat,
1264 765 1403 814 etiam

86 828 338 878 moriendo
379 830 616 894 expressit.
686 829 834 878 Cuius
881 830 1122 878 crudelem
1166 849 1325 878 casum
1361 833 1403 880 si

88 897 196 959 quis
217 896 462 945 Platonica
483 898 762 962 eloquentia
782 896 1096 963 prodidisset,
1125 915 1221 945 non
1246 899 1403 946 minus

86 981 212 1011 nunc
235 963 473 1020 Longini.
519 983 660 1030 quam
688 964 1107 1026 Socrati3,ntoxt1
1134 965 1405 1031 illaciyma—

85 1048 259 1082 remur.
314 1030 591 1079 Zosimusl.
617 1049 659 1081 c.
684 1029 819 1097 ᾧπερ
848 1031 930 1096 ἐφ’
961 1028 1036 1089 οἷς
1062 1040 1403 1098 κατηγορεῖτο

85 1096 417 1178 ελεγχομὲνω,
452 1100 779 1180 παραχρῆμα
808 1099 838 1147 o‘
862 1101 1050 1157 βασιλε
1058 1103 1119 1156 υς
1150 1099 1401 1148 θανάτου

84 1166 283 1229 ζηαίαν
311 1161 592 1247 ἐπέθηκεν·
626 1163 693 1230 ἢν
715 1163 847 1214 οὕτω
866 1166 1114 1226 γενναίως
1135 1166 1348 1230 ἤνεγκεν
1373 1166 1403 1214 ὁ

84 1236 362 1292 Λογγῖνος,
399 1229 524 1280 ω’στε
549 1235 645 1280 καὶ
660 1236 782 1288 τούς
803 1231 1203 1294 σχετλιαζοντας
1225 1237 1311 1281 ἐπὶ
1334 1233 1402 1297 τῷ

84 1297 251 1346 πάθει
298 1300 756 1362 παραμυθεῖσθαι.
825 1300 936 1349 Hoc
969 1298 1118 1348 modo
1152 1299 1295 1364 periit
1331 1300 1402 1350 vir

84 1366 315 1414 maximus
338 1368 398 1414 A.
418 1367 471 1416 C.
501 1370 610 1429 275.

636 1478 675 1543 §·
716 1478 834 1527 XII.

182 1569 316 1617 Haec
343 1568 444 1616 fere
474 1583 613 1629 snnt,
650 1587 772 1634 quae
814 1568 953 1617 nobis
988 1567 1049 1614 de
1076 1566 1287 1630 Longini
1310 1568 1402 1616 vita

84 1650 130 1683 et
160 1636 329 1683 studiis
360 1650 573 1683 veterum
603 1636 885 1684 testimoniis
912 1648 1139 1683 constent.
1194 1636 1270 1682 De
1301 1634 1401 1682 eius

82 1702 275 1766 ingenio
310 1716 359 1750 et
382 1702 654 1751 eruditione
690 1702 851 1751 dicere
890 1702 1005 1767 quid
1037 1701 1235 1749 attinet?
1280 1701 1403 1750 Sunt

82 1769 193 1816 libri
222 1771 299 1818 vel
332 1769 490 1832 potius
522 1771 780 1833 fragmenta
808 1769 1070 1828 librorum,
1130 1787 1186 1816 ex
1223 1768 1399 1832 quibus

83 1836 311 1884 iudicium
330 1836 434 1883 fieti
459 1837 629 1899 possit,
665 1837 715 1884 iu
736 1838 965 1885 manibus.
1015 1834 1251 1900 Equidem
1277 1835 1400 1883 nihil

81 1904 228 1979 magis
254 1904 304 1951 in
326 1903 547 1966 Longino
577 1905 752 1965 miror,
789 1923 931 1970 quam
955 1903 1071 1952 tanti
1096 1903 1237 1950 animi
1261 1902 1400 1966 inge-

85 1970 248 2035 niique
284 1971 436 2019 viium
475 1972 637 2019 seculo
673 1972 838 2034 tentio,
873 1973 1101 2019 seruitute
1136 1987 1395 2034 oppresso,

88 2051 136 2084 et
170 2054 314 2101 paene
345 2037 574 2098 barbaro,
619 2057 718 2105 quo
756 2009 919 2088 onines
951 2040 1169 2087 fortunae
1195 2054 1305 2083 suae
1337 2037 1398 2083 si-

85 2104 217 2152 milia
242 2120 290 2152 et
317 2105 553 2153 faciebant
583 2121 631 2155 et
653 2107 998 2171 loquebantur,
1036 2103 1250 2152 extitisse.
1299 2101 1399 2150 Ve-

84 2189 190 2218 rum
213 2190 321 2219 cum
347 2172 588 2230 seculum,
627 2192 727 2239 quo
748 2174 964 2227 vinebat‚
1010 2172 1195 2222 insitam
1220 2169 1400 2234 ingenii

84 2238 178 2287 vim
196 2255 456 2303 premeret,
492 2240 648 2305 ipsum
672 2241 841 2288 fecisse
869 2240 1099 2299 arbitror,
1136 2236 1269 2315 quod
1291 2237 1395 2284 aliis

83 2320 250 2353 natura
291 2307 584 2356 taidioribus
630 2307 901 2356 faciendum
943 2306 1185 2373 praecepit
1231 2308 1294 2352 Π.
1345 2307 1397 2352 Y.

83 2388 198 2422 sect.
227 2391 270 2435 9.
306 2375 356 2421 εἰ
380 2379 473 2423 καὶ
500 2374 753 2456 δωρητόν
764 2379 823 2424 τὸ
844 2375 1170 2459 μεγαλοφυὲς
1189 2371 1332 2436 μᾶλ)
1336 2389 1397 2418 ον

82 2441 117 2504 ἢ
138 2442 354 2520 κτητὸν,
388 2439 545 2504 ὅμως,
578 2443 710 2491 καθ’
734 2440 856 2492 ὅσον
877 2439 1072 2499 οἷόντε,
1105 2443 1199 2496 τοὶς
1221 2441 1397 2501 ψυχάς

84 2504 398 2571 ανατρίφειν
428 2513 554 2574 πρὸς
594 2514 662 2559 τοὶ
692 2509 893 2575 μεγέθη
912 2545 925 2567 ,
976 2513 1070 2558 καὶ
1099 2524 1331 2568 εγκυμον
1334 2524 1397 2560 ας

83 2574 168 2622 ᾰεὶ
190 2580 357 2622 ποιεῖν
375 2576 619 2636 γενναίου
640 2577 1060 2643 παραστήματος.
1108 2574 1298 2637 Nempe
1320 2588 1398 2620 ve-

87 2642 298 2700 tet-ihm,
331 2644 599 2718 praecipue
635 2645 834 2693 Platone
869 2659 915 2722 et
943 2641 1299 2721 Demosthene,
1326 2638 1397 2684 le-

84 2707 250 2773 gendis
270 2709 477 2759 animum
497 2710 556 2760 ad
577 2729 702 2774 eam,
725 2730 867 2778 quam
886 2712 934 2760 in
953 2710 1164 2760 maximis
1185 2703 1395 2756 minimis

972 2797 1001 2841 g
