1718 3122
271 267 357 309 508
589 264 820 306 NOTAE
862 265 947 305 AD
1003 265 1278 307 LONGINI

268 383 352 419 rios
385 392 474 418 vero
507 386 548 418 ne
575 381 880 432 Hipponacteos
912 381 1088 434 effingere
1122 384 1189 421 vix
1222 395 1456 434 possumus.-
1479 374 1591 421 'ma-

269 449 397 489 gnam
411 436 519 474 enim
531 444 688 487 partem
711 451 759 474 ex
776 437 926 475 lambis
945 446 1084 476 nostra
1114 445 1275 475 constat
1298 441 1440 479 oratiO.
1471 438 1506 475 Τ
1508 453 1589 477 ov-

269 505 375 531 rxvs.
427 490 583 529 Mirum
624 497 823 542 quantum
864 492 934 530 hic
966 507 990 531 a
1019 506 1122 532 vero
1149 493 1313 531 aberrat
1341 493 1409 532 vir
1435 493 1590 531 doctus.

268 546 404 587 Nemo
423 549 704 599 antiquorum,
733 560 976 599 quocunque
996 555 1230 599 temporum
1256 549 1387 599 spatio
1412 548 1589 586 definia-

268 613 360 643 mus
387 603 653 654 antiquorum
680 609 878 652 aetatem,
902 617 1111 642 sermones
1140 604 1369 642 familiares
1403 603 1588 642 versibus

270 658 498 706 conclusit,
525 665 596 696 aut
616 658 864 697 concludere
883 660 1039 711 potuit,
1064 659 1142 697 nisi
1170 659 1204 696 si
1224 660 1311 711 quis
1331 660 1473 697 furore
1493 672 1590 696 cor-

265 721 410 765 reptus
428 719 502 751 aut
523 714 567 751 in
584 714 696 751 iocos
717 714 875 752 solutus
893 715 992 752 talia
1013 715 1212 767 quaedam
1232 715 1388 754 effudit.
1443 716 1498 752 At
1514 725 1600 752 ve-·

265 781 318 808 :ro
340 769 444 807 locis
474 775 537 807 sat
551 768 691 806 multis
714 782 767 806 ex
786 769 1006 808 Aristotele
1019 771 1188 821 aliisque
1210 766 1453 809 sententiam
1473 783 1590 807 suam

266 824 455 878 Toupius
483 823 633 861 firmat.
689 825 805 861 Anne
838 825 896 861 sic
927 824 1086 863 habet?
1117 825 1203 863 lmo
1223 838 1394 876 prorsus
1411 825 1525 863 aliud
1545 825 1589 863 in

265 879 334 920 his
359 880 481 925 inest.¹
523 877 630 916 ‘Non
657 879 839 930 antiqui,
879 879 950 918 sed
982 893 1078 918 suae
1105 880 1249 918 aetatis
1272 880 1481 929 homines,
1511 893 1589 917 ne-

264 949 345 987 que
370 940 545 986 propter
564 933 749 972 diuinam
770 935 972 986 originem
991 936 1370 986 praestantiamque
1392 935 1589 973 orationis

261 988 487 1038 metricae,
515 989 587 1027 sed
610 1002 706 1026 casu
735 996 777 1030 et
796 989 996 1039 fortuito,
1019 1004 1162 1029 versus
1190 990 1235 1027 in
1262 991 1473 1033 communi
1496 1004 1589 1027 ser-

260 1058 387 1084 mone
409 1044 634 1097 protulisse
654 1044 874 1095 dicuntur;
902 1058 950 1084 ac
987 1059 1040 1084 ne
1069 1046 1202 1083 omnis
1231 1046 1398 1097 quidem
1427 1046 1588 1097 generis

259 1112 433 1149 versus,
461 1100 533 1138 sed
551 1106 714 1146 tantum
731 1100 953 1150 iambicos,
984 1102 1056 1153 qui
1074 1101 1197 1139 facile
1232 1101 1363 1139 cuiuis
1391 1101 1588 1139 excidunt

258 1170 338 1209 per
358 1155 700 1208 imprudentiam.
756 1155 863 1207 Ergo
887 1157 946 1195 sic
967 1158 1104 1208 potius
1122 1157 1399 1195 statuendum:
1430 1162 1473 1197 οἱ
1496 1171 1587 1195 ποι-

257 1215 379 1255 λαιοὶ
397 1218 495 1250 sunt
514 1210 790 1262 antiquissimi
811 1213 1037 1264 scriptores
1056 1213 1309 1251 Graecorum
1322 1242 1333 1261 ,
1361 1212 1585 1264 sapientiae

256 1269 371 1307 fama
389 1266 619 1315 nobilitati,
656 1265 874 1316 Musaeus,
900 1267 1115 1319 Orpheus,
1141 1267 1362 1317 Hesiodus,
1389 1267 1586 1319 Phocyli-

258 1324 354 1372 des,
397 1322 626 1373 TheogniS,
668 1321 900 1362 Simonides
930 1330 972 1361 et
995 1324 1079 1362 alii.
1139 1324 1301 1364 Οἰκεῖοι
1332 1337 1434 1363 vero
1464 1322 1585 1374 λόγοι

257 1385 359 1417 sunt
377 1394 476 1417 suae
497 1381 740 1426 sententiae,
768 1394 843 1425 sua
862 1383 1056 1432 cuiusque
1069 1380 1238 1433 placita.
1293 1378 1401 1418 Nam
1422 1386 1469 1418 vt
1490 1379 1583 1430 plus

257 1434 519 1476 auctoritatis
536 1433 740 1473 haberent
772 1434 942 1475 decreta
969 1450 1066 1483 sua,
1102 1435 1290 1473 versibus
1320 1448 1368 1473 ea
1396 1446 1584 1486 pronun-

256 1492 418 1530 tiabant
438 1489 601 1542 antiqui
628 1489 696 1527 illi
720 1489 977 1530 Graecorum
1007 1491 1259 1543 philosophi.
1318 1490 1433 1528 Vnde
1459 1491 1583 1528 etiam

257 1547 439 1602 ᾄσματα
458 1552 502 1583 et
518 1544 707 1599 ᾀδόμενα
730 1544 985 1587 dicebantur.
1026 1546 1117 1586 Vid.
1151 1545 1306 1584 Heinsii
1325 1545 1581 1586 Introductio

256 1603 304 1641 in
333 1600 503 1640 Hesiodi
525 1600 656 1654 Ἔργα
686 1603 764 1640 καὶ
791 1601 955 1659 ἡμέρας
989 1617 1023 1641 c.
1061 1602 1098 1642 6.
1134 1601 1215 1640 Sed
1245 1614 1311 1639 res
1330 1602 1512 1653 tangitur
1530 1601 1581 1639 ab
1627 1639 1630 1641 ,
1697 1621 1699 1623 -

256 1658 448 1699 omnibus
460 1686 470 1705 ‚
497 1657 569 1709 qui
583 1656 802 1696 historiam
820 1657 1109 1710 philosophiae
1129 1664 1172 1696 et
1189 1669 1360 1708 poeseos
1379 1657 1581 1708 antiquis-

255 1715 387 1753 simae
416 1717 733 1764 persequuntur.
808 1714 909 1752 Vsus
941 1713 1064 1753 verbi
1098 1717 1253 1757 οἰκεῖος
1275 1726 1354 1764 pro
1382 1711 1490 1755 ἴδιος
1519 1718 1581 1749 est

257 1769 384 1815 valde
400 1768 607 1819 frequens.
665 1766 760 1815 Vid.
778 1769 830 1807 ad
851 1766 921 1809 ¹11.
949 1771 992 1808 Y.
1016 1769 1085 1817 44,
1104 1782 1142 1820 9.
1181 1767 1232 1806 Et
1258 1769 1453 1806 Vniuerse
1483 1767 1580 1819 qui-

258 1827 359 1865 dem
375 1822 499 1875 λόγος
518 1830 579 1861 est
597 1824 768 1877 quodais
786 1826 940 1863 dictam,
958 1825 1045 1862 siue
1064 1822 1282 1873 iudicium5
1310 1824 1383 1862 sed
1414 1830 1456 1861 et
1484 1838 1578 1862 sen-

256 1884 391 1921 tentia
404 1881 645 1933 philosophi.
702 1878 788 1917 Hac
807 1880 883 1920 τοῦ
904 1879 1029 1934 λόγου
1048 1879 1346 1931 significatione
1368 1879 1477 1916 nihil
1488 1879 1579 1916 sre-

253 1936 451 1989 quentius
471 1942 533 1973 est
552 1935 659 1986 apud
678 1935 922 1975 Socraticos.
980 1935 1226 1986 Saepissime
1257 1935 1316 1972 sic
1348 1935 1455 1985 apud
1485 1934 1580 1972 Pla-

252 2001 398 2032 tonem
431 1998 473 2030 et
501 1991 822 2042 Xenophontem
849 1992 1027 2031 diciturz.
1061 1988 1175 2037 >catti
1203 1989 1276 2032 τόν
1309 1990 1384 2030 τοῦ
1411 1987 1578 2045 (δεῖνος)

254 2048 403 2101 λόγον,
434 2053 477 2087 et
491 2045 548 2096 τῷ
570 2047 629 2095 (us)
649 2049 685 2086 λ.
695 2077 709 2094 ,
741 2063 789 2090 ex
809 2050 919 2087 illiue
947 2051 1173 2093 sententia,
1192 2053 1245 2085 >et
1280 2049 1499 2085 secundam
1526 2048 1580 2085 il·-

253 2106 330 2145 lud
343 2104 454 2159 quod
468 2111 519 2142 tu
543 2106 710 2150 statuis.
763 2103 856 2145 vid.
888 2118 1017 2157 supra
1043 2103 1106 2144 11.
1129 2105 1172 2144 Y.
1194 2116 1231 2156 7,
1254 2104 1291 2142 4.
1322 2109 1365 2141 et
1397 2102 1579 2142 maxime

247 2162 368 2207 infra
399 2161 547 2213 fragm·⁴
566 2160 606 2207 5,
626 2160 667 2205 3,
1464 2171 1470 2181 ‘

264 2295 267 2298 ·
333 2271 522 2327 μουσική
542 2272 755 2327 τυγχάνει]
785 2272 851 2312 ad*
858 2273 1007 2313 Musas
1012 2275 1200 2326 pertinet,
1214 2274 1430 2311 Musarum
1438 2278 1497 2310 est
1507 2273 1576 2309 in-

247 2338 424 2370 ventum
443 2329 610 2369 Monvs.
638 2329 745 2367 'Non
755 2329 876 2368 male.
920 2329 1027 2367 Nam
1039 2329 1083 2366 in
1096 2328 1249 2377 verbis,
1262 2331 1354 2368 Καὶ
1366 2325 1451 2382 μήν
1461 2326 1517 2375 τῷ
1529 2343 1576 2381 μ.

248 2392 331 2425 etc.
351 2385 475 2424 facile
485 2386 577 2436 quis
599 2384 877 2437 deprehendit
886 2384 1065 2433 Soriten,
1076 2399 1157 2436 qua
1165 2383 1299 2423 forma
1309 2389 1575 2435 argumenta-

245 2442 374 2480 tionis
387 2441 635 2489 ostenditur,
647 2448 829 2487 metrum
840 2453 928 2479 esse
938 2453 1029 2478 rem
1049 2440 1264 2479 eximiam:
1281 2452 1402 2491 quam
1419 2439 1464 2476 in
1481 2451 1573 2476 rem

247 2503 539 2548 argumentum
567 2497 742 2542 ductum
766 2509 852 2534 esse
872 2503 1009 2548 potest
1038 2511 1061 2535 a
1085 2496 1273 2548 personis
1294 2496 1574 2533 inuentorum.

247 2552 346 2591 Non
363 2558 480 2591 recte
509 2559 647 2593 autem
668 2551 939 2604 progreditur
959 2552 1260 2605 argumentatio
1273 2581 1283 2599 ,
1311 2550 1392 2588 nisi
1411 2550 1459 2588 ab
1490 2549 1573 2601 οἷρ-

246 2603 384 2664 μονῖᾳ
414 2609 545 2659 probe
583 2608 850 2662 distinguitur
879 2609 1082 2662 longeque
1104 2607 1383 2651 excellentior
1401 2606 1574 2658 ponitur

243 2679 445 2720 μουσικη.
