1718 3122
403 261 518 303 sEc
533 260 709 304 ΤιοΝ.
737 260 878 301 xuv.
913 261 954 314 §-
984 263 1022 300 3.
1046 264 1087 299 4.
1338 264 1421 306 483

175 372 383 427 o'c'yevatoc'
399 405 408 416 .
430 405 439 415 .
453 405 464 415 .
482 373 618 428 λόγων
644 370 855 428 νάματος]
884 370 1000 410 Hanc
1029 372 1285 414 locutionem
1307 375 1421 415 ‹leri-

91 431 211 470 vauit
240 444 262 468 e
299 430 466 469 Platone
488 430 611 471 Polit.
630 426 713 468 Vn.
738 441 777 480 p.
805 429 898 479 490.
916 425 965 464 D.
987 424 1093 468 ὅταν
1109 431 1325 482 τοπρῶπον
1346 430 1420 471 λό-

90 503 176 539 γων
195 485 406 539 γεύωνται.
440 492 482 524 et
506 483 617 525 Tim.
639 497 682 536 p.
705 483 800 523 545.
820 481 866 521 Ε.
892 481 940 523 τό
961 481 1004 523 δὲ
1031 481 1163 536 λόγων
1194 485 1314 540 νᾶμα
1345 487 1419 534 ἔξω

91 542 211 592 ῥέον,
244 546 318 581 καὶ
337 539 569 593 ὑπηρετοῦν
605 537 836 592 φρονήσει,
875 537 1102 581 κάλλιπον
1139 543 1215 579 καὶ
1243 542 1420 592 ἄριστον

92 596 265 638 πάντων
296 596 510 652 ναμάτων.
590 595 722 648 Saepe
750 593 856 632 illud
893 592 1024 649 λόγων
1065 594 1189 649 νᾶμα
1216 597 1422 647 expressit

91 652 214 691 Philo
237 650 325 691 lud.
343 649 539 703 tanquam
556 651 593 690 Τ
595 665 676 691 om.
689 649 721 689 1.
738 663 778 703 p.
797 649 892 690 325.
915 649 1010 702 693.
1029 650 1101 689 vbi
1120 650 1218 690 vide
1236 650 1421 703 Mangei-

91 722 178 749 um.
233 705 526 748 Rvnmmvs.
952 752 954 754 ,
1150 750 1154 753 ,

174 761 322 814 διόπερ
346 761 464 804 οὐδὲν
482 759 548 804 ὅτι
564 760 627 818 μή
646 761 825 806 κόλακες
843 765 1102 817 ἐκβαίνομεν
1122 764 1420 817 μεγαλοφυεῒς]

89 819 161 857 Sic
183 818 343 870 egregie
362 818 582 871 Longinus.
640 823 786 860 Hence
806 823 840 856 tt
858 822 894 858 is
915 819 1007 857 that
1021 833 1080 857 we
1104 832 1214 857 'rums
1236 832 1318 858 our
1342 833 1421 858 no-

90 875 211 927 thing
232 874 303 912 but
320 877 694 926 arrantflatterers.
750 874 895 926 Eurip.
917 873 1026 912 Med.
1049 885 1144 927 229.

202 929 422 974 Κάκιστος
437 929 601 983 ἀνδρῶν
622 929 929 971 EKBEBHX
954 928 1087 984 οὑμός
1107 928 1245 974 πόσις.
1288 929 1424 970 Tovl‘.¹

175 985 215 1039 ς.
237 987 276 1023 4.
313 985 462 1028 δοῦλον
490 986 533 1027 δὲ
561 986 725 1042 μηδένα
749 988 949 1041 γίνεσθαι
980 985 1159 1041 ῥήτορα]
1198 985 1290 1025 Huc
1316 986 1423 1025 facit

88 1040 258 1083 Plautus
279 1041 365 1081 Mil.
389 1043 504 1081 Glor.
526 1041 577 1091 ll,
604 1055 641 1083 2.
1257 1043 1267 1052 Χ

306 1101 527 1138 Hominem
543 1113 704 1138 seruum
734 1114 831 1139 suos

204 1156 394 1193 Domitos
414 1155 561 1193 habere
586 1162 740 1207 oportet
767 1157 928 1202 oculos,
958 1163 998 1195 et
1018 1169 1164 1195 manus

207 1209 520 1261 Orationemque
559 1233 614 1240 —
655 1233 709 1241 —
1161 1209 1364 1249 Tovmvs.

89 1261 329 1302 Secundum
351 1276 470 1302 vsum
496 1264 750 1315 optimorum
776 1265 1030 1317 scriptorum
1047 1278 1214 1313 nomen,
1237 1265 1289 1303 ad
1310 1264 1422 1316 quod

86 1317 159 1357 hic
191 1318 385 1370 inprimis
417 1325 477 1356 est
509 1319 829 1369 attendendum,
879 1321 1014 1373 priori
1052 1321 1148 1360 loco
1177 1319 1421 1372 ponendum

90 1380 200 1413 erat:
232 1373 393 1427 ῥήτορα
416 1373 459 1414 δὲ
482 1390 528 1429 μ.
548 1390 584 1427 y.
610 1374 781 1425 δοῦλον,·
809 1377 1055 1428 praesertim
1086 1390 1180 1415 cum
1213 1374 1420 1426 emphasis

90 1429 213 1469 insit:
238 1445 373 1469 verum
401 1437 441 1469 et
461 1445 534 1468 suo
559 1434 718 1470 nomine
738 1433 907 1485 dignum
931 1440 1140 1471 oratorem.
1199 1430 1281 1470 Sed
1302 1431 1422 1470 codd.

92 1489 134 1523 et
154 1485 270 1526 editt.
291 1498 432 1524 omnes
452 1485 577 1524 istum
598 1487 791 1526 ordinem
813 1487 1039 1526 verborum
1065 1493 1250 1526 tuentur.
1270 1499 1275 1503 ·

175 1539 300 1585 εὐθὺς
319 1540 400 1595 γάρ
426 1540 579 1590 άναζεῖ
607 1542 703 1594 etc.]
739 1542 818 1581 Hic
851 1543 970 1581 locus
1000 1543 1219 1582 manifesta
1246 1542 1421 1596 vestigia

89 1595 217 1635 habet
234 1597 479 1635 imitationis
505 1595 689 1636 Platonis
727 1597 943 1638 Theaetet.
973 1612 1013 1651 p.
1039 1611 1129 1651 127.
1152 1598 1197 1639 C.
1230 1597 1312 1651 τήνΥ
1335 1598 1419 1653 γάρ

82 1651 222 1701 αὔξην
262 1656 338 1692 καὶ
378 1650 426 1692 τό
464 1650 566 1692 εὐθύ
604 1667 645 1692 τε
687 1656 763 1693 καὶ
802 1652 850 1694 τό
890 1652 1106 1708 ἐλεύθερον
1151 1653 1182 1702 ἡ
1231 1657 1276 1694 ἐκ
1315 1657 1419 1695 νέων

90 1707 259 1748 δουλεία
280 1707 516 1765 ἀφῄρηται.
545 1708 628 1746 Sed
649 1709 813 1761 reliqua
832 1709 956 1747 etiam
981 1709 1274 1762 comparanda.
1304 1708 1422 1748 Eun-

90 1764 187 1801 dem
203 1763 357 1802 -locum
390 1776 474 1801 non
501 1769 585 1802 tam
615 1763 819 1802 imitando
842 1764 1068 1816 expressit,
1098 1778 1222 1817 quam
1245 1765 1298 1804 ad
1317 1778 1420 1803 ver-
1441 1801 1443 1803 ,

88 1820 189 1859 bum
218 1818 442 1872 descripsit
473 1818 675 1858 Themist.
703 1819 777 1858 Or.
803 1819 912 1858 xxj.
932 1834 973 1872 p.
995 1821 1088 1872 249.
1126 1819 1422 1860 Rvnmmslvs.

89 1874 252 1914 Vellem
275 1875 327 1913 de
347 1875 477 1914 verbo
496 1873 652 1922 ἀναζεῖ
669 1874 737 1913 vir
765 1874 913 1914 doctus
943 1875 1101 1927 aliquid
1120 1875 1260 1927 potius
1285 1876 1420 1915 dixis-

89 1937 164 1969 set.
219 1930 326 1969 Nam
343 1931 396 1970 (le
420 1930 668 1969 meticuloso
686 1943 907 1969 seruorum
923 1932 1062 1970 animo
1090 1930 1214 1969 multi
1236 1930 1421 1983 loquun-

87 1992 181 2035 tur,
208 1986 259 2024 de
273 1987 418 2037 quibus
441 1998 525 2023 non
541 1985 669 2037 magis
688 1999 812 2038 quam
834 1986 885 2024 de
903 1986 1070 2025 Platone
1095 1986 1137 2025 h.
1159 1986 1190 2026 l.
1222 1986 1422 2039 cogitauit

88 2041 308 2094 Longinus,
365 2041 503 2079 Morus
523 2041 568 2079 in
589 2041 783 2079 versione
802 2041 980 2081 verbum
1006 2043 1278 2081 reuiuiscendi
1294 2038 1419 2080 adhi-

88 2097 202 2147 buit,
228 2096 339 2147 quasi
357 2097 560 2147 scriptum
583 2103 687 2135 esset
713 2096 882 2146 α’ναζῆς
914 2111 975 2146 ,ειη
1007 2097 1064 2135 sic
1095 2097 1315 2150 legendum
1345 2111 1419 2136 ra·-

88 2153 187 2192 tus?
216 2151 321 2191 Mihi
340 2158 484 2204 tropus
506 2152 677 2190 minime
707 2143 848 2204 aptus2
877 2153 951 2191 sed
979 2165 1214 2205 repugnans
1234 2153 1418 2202 videtur,

89 2222 171 2260 quo
205 2221 248 2246 se
279 2207 460 2260 prodens
491 2207 656 2246 seruilis
696 2215 831 2247 metus
864 2210 923 2248 ad
949 2223 1099 2248 nouam
1129 2211 1257 2248 vitam
1290 2211 1419 2248 redire

90 2264 269 2302 dicatur.
328 2262 409 2301 Sed
426 2261 597 2312 ἀναζεῖ,
627 2264 738 2316 quod
757 2278 900 2303 omnes
918 2264 1016 2303 libri
1037 2263 1212 2313 habent,
1242 2264 1354 2303 clare
1376 2271 1419 2303 et

88 2320 267 2369 grauius,
289 2332 408 2370 quam
428 2331 593 2357 necesse
613 2326 717 2368 erat,
749 2321 956 2371 expressit
973 2319 1097 2358 Gabr.
1115 2320 1166 2358 de
1186 2319 1322 2358 Petra.
1349 2319 1417 2358 Sic

89 2374 202 2414 euim
228 2375 381 2413 vertit:
409 2376 525 2414 lllico
545 2378 651 2414 enim
679 2379 856 2415 scaturit
881 2384 1004 2430 atque
1037 2378 1203 2428 emergit
1231 2390 1420 2415 mussans

90 2444 142 2468 ac
162 2434 324 2470 minime
347 2431 458 2484 loqui
474 2431 626 2470 audem
647 2433 791 2471 seruile
813 2435 1035 2486 ingenium.
1065 2430 1228 2470 Tollius
1251 2438 1293 2470 et
1306 2445 1418 2483 seqq.

89 2492 318 2535 posuerunt
330 2489 584 2540 prorumpit,
610 2492 659 2525 vt
692 2493 863 2539 tropum
895 2486 1117 2527 deduxisse
1144 2487 1370 2526 videantur
1394 2501 1418 2524 a

88 2540 205 2579 sonte
224 2555 300 2593 per
321 2541 490 2593 aliquod
515 2549 679 2594 tempus
704 2543 918 2582 obstructo
953 2550 994 2582 et
1018 2542 1171 2581 deinde
1199 2556 1247 2581 00
1285 2542 1417 2580 vehe-

91 2597 271 2635 mentius
294 2597 531 2636 ebulliente.
587 2597 669 2635 Sed
689 2597 793 2636 haec
816 2599 952 2650 imago
970 2599 1083 2638 idem
1114 2598 1266 2636 vitium
1295 2597 1416 2634 vide-

92 2650 356 2702 turbabere,
387 2654 498 2704 quod
526 2653 572 2692 in
587 2656 859 2695 reuiuiseendi
889 2654 1062 2694 notione
1097 2651 1417 2704 deprehendere

1007 2719 1084 2758 Hh
1117 2732 1139 2756 2
