1752 3118
326 291 412 328 288
625 283 850 341 NOTAE
874 283 954 324 AD
979 283 1065 325 ‘DE
1093 283 1347 324 SVBLIM.
1408 248 1414 253 *

326 398 421 451 eiim
437 394 699 447 veflendum‘
710 398 782 437 sit:
811 386 932 447 (Tale
947 401 1106 452 corpas)
1121 405 1161 437 et
1175 398 1330 437 delecta
1346 398 1652 446 αιίίιιὴειονιιηι,“

325 464 365 494 et
385 463 656 497 arctaseorum
672 457 954 493 coniunctione
974 456 1159 505 delectat.

406 509 481 552 τόν
509 509 742 563 ἀκροατήν]
783 510 1072 549 Incommodus
1104 516 1164 548 est
1203 508 1321 547 locus
1360 508 1487 549 huius
1513 512 1649 550 verbi.

323 566 388 604 An
409 566 579 605 omnino
599 579 684 604 non
704 571 766 604 est
784 564 987 617 Longini?
1014 565 1103 603 Hoc
1120 564 1321 616 Suspicari
1341 564 1465 605 subit.

335 650 347 653 —
407 622 488 662 τῶν
510 620 758 677 λημμάτων]
790 620 888 659 Non
908 634 981 672 ego
1004 634 1099 659 cum
1125 620 1256 659 Fabro
1286 620 1383 658 voci
1412 621 1647 676 λημμάτων

323 677 504 729 aliquid,
532 690 682 729 nempe
707 677 869 730 ἄκρων,
898 676 1203 728 adiungendum
1236 689 1322 713 esse
1352 676 1518 725 iudico,
1547 691 1645 716 011111

321 731 372 774 w*
392 732 542 788 λῆμμα
562 733 686 771 etiam
706 734 857 784 absque
877 731 1060 782 epitheto
1081 731 1275 770 sublimes
1292 732 1498 782 quosdam
1522 733 1566 771 in
1578 733 1645 771 di-

322 789 461 827 ctione
477 802 599 828 ausus
617 794 765 826 notare
784 787 927 838 possit.
981 787 1050 826 Sic
1078 787 1187 838 apud
1215 785 1489 825 Heliodorum
1519 802 1559 839 p.
1580 790 1648 828 88.

321 845 562 890 audaciam,
601 857 746 891 ausus,
774 849 826 882 vt
854 848 897 879 et
914 855 954 893 p.
972 854 1067 893 277.
1087 849 1130 880 et
1155 843 1252 880 438.
1277 842 1428 881 Moeris
1452 844 1646 882 Atticista

319 898 366 938 11.
388 913 428 943 v.
442 905 585 937 notat:
613 898 694 936 1100
717 910 836 936 sensu
855 909 933 947 per
952 896 1131 948 simplex
1163 913 1194 950 μ
1227 898 1354 935 scribi
1386 899 1498 950 apud
1531 899 1644 938 Atti-

321 967 393 992 cae
418 953 645 992 venustatis
686 951 1030 990 obseruantiores.
1085 952 1250 1005 Λῆμα,
1280 951 1330 990 δι’
1368 953 1459 996 ἑνός
1490 957 1568 1002 M,
1597 952 1645 994 τό

318 1008 507 1061 θάρσος·
539 1007 612 1048 διοὲ
628 1007 671 1047 δὲ
688 1007 761 1047 δύο
769 1038 782 1055 ,
813 1005 860 1047 τό
894 1006 1252 1061 λαμβανόμενον,
1275 1008 1482 1060 (lucrum).
1513 1008 1645 1049 οἱδια-

319 1063 464 1116 φόρως
480 1060 681 1113 Ἕλληνες.
737 1064 918 1113 Eamque
939 1061 1211 1114 scriptionem
1235 1076 1308 1100 suo
1333 1064 1459 1102 etiam
1486 1064 1642 1103 iudicio

316 1120 458 1158 firmat
478 1119 681 1158 Lucianus
701 1117 979 1169 Pseudosoph.
1000 1131 1040 1169 p.
1062 1118 1158 1159 434.
1187 1116 1401 1163 Εἰπόντος
1439 1119 1487 1159 δέ
1515 1135 1645 1168 τινος)

315 1176 468 1229 λῆμμα
485 1176 694 1229 (audacia)
712 1173 917 1227 πάρεστιν
942 1172 1078 1223 αὐτῷ,
1108 1173 1182 1214 διοὶ
1202 1173 1282 1214 τῶν
1314 1173 1387 1215 δύο
1418 1191 1509 1230 μμ,
1540 1175 1643 1216 οὔκ-

317 1246 417 1280 ουν,
447 1231 553 1282 ἔφη,
590 1229 797 1284 λήψεται,
834 1235 873 1270 εἰ
909 1227 1061 1283 λῆμμα
1091 1229 1204 1280 αὐτῷ
1234 1229 1450 1284 πάρεστιν.
1498 1230 1644 1273 Schol.

314 1286 526 1338 Aristoph.
547 1288 593 1324 in
611 1285 713 1326 Ran.
737 1299 776 1325 v.
808 1286 902 1337 492.
938 1281 1082 1339 ’Λῆμά
1108 1290 1195 1326 ἐστι
1224 1284 1272 1326 τό
1307 1286 1534 1341 φρόνημα·
1567 1289 1643 1336 λη-

315 1343 477 1396 ματιᾷς
498 1336 593 1390 οὗν,
623 1340 738 1396 μέγα
755 1344 936 1393 φρονεῖς.
993 1341 1108 1379 Adde
1140 1348 1225 1380 not.
1248 1341 1319 1389 111.
1346 1341 1566 1394 Spanhem.
1589 1343 1642 1382 ad

313 1397 526 1449 Aristoph.
547 1397 658 1439 Nub.
679 1411 720 1438 v.
742 1397 837 1436 456.
862 1395 1060 1435 Herodot.
1083 1395 1127 1436 L.
1148 1398 1197 1438 V.-
1227 1411 1268 1448 p.
1293 1397 1383 1438 164.
1419 1396 1644 1452 λήμματο,ὲ

314 1455 452 1497 πλέος.
481 1453 797 1493 Suzmummvs.
853 1451 1040 1503 Egerunt
1059 1452 1110 1490 de
1131 1452 1214 1490 1100
1236 1452 1478 1491 discrimine
1493 1459 1535 1492 et
1556 1454 1644 1502 alii,

313 1515 361 1548 vt
380 1508 530 1548 Graev.
554 1509 606 1548 ad
625 1508 850 1547 Lucianum
867 1508 896 1546 1.
914 1508 944 1546 l.
965 1506 1184 1546 Valkenar.
1223 1508 1271 1546 ad
1300 1508 1570 1547 Ammonium
1597 1523 1640 1548 v.

311 1565 478 1619 λῆμμα.
509 1565 752 1615 Ψεεεεῌης.
769 1564 821 1603 ad
845 1562 968 1603 Diod.
991 1562 1073 1605 Sic.
1095 1563 1143 1612 Π,
1167 1564 1232 1603 58.
1261 1563 1339 1601 Hic
1362 1571 1502 1602 autem
1529 1563 1640 1619 λῆμ-

312 1636 379 1674 μα
399 1633 521 1658 sensu
556 1620 739 1659 maxime
751 1619 936 1671 ‚proprio
972 1618 1156 1666 dicitur,
1187 1620 1299 1673 quod
1322 1628 1498 1659 sumtum
1528 1619 1642 1676 (siue

312 1676 528 1728 delectum)
549 1684 620 1715 est.
679 1674 790 1713 Bene
807 1675 945 1714 Morus
965 1673 1072 1712 hanc
1099 1675 1144 1714 in
1165 1689 1255 1713 rem
1277 1682 1493 1727 comparat
1515 1680 1580 1724 4ο,
1599 1676 1640 1714 4.

313 1739 355 1770 et
373 1733 439 1780 43,
461 1743 496 1770 1.
515 1743 592 1769 nec
610 1743 695 1768 non
721 1743 773 1769 ex
793 1730 835 1770 h.
856 1731 886 1770 ].
907 1729 1143 1783 λαμβάνειν
1163 1737 1204 1768 et
1226 1743 1279 1770 ex
1299 1730 1340 1784 ὃ.
1362 1731 1400 1768 5.
1417 1731 1638 1786 ἐκλαμβά-

310 1802 398 1828 νειν
425 1792 467 1825 et
500 1785 659 1839 λῆψιν,
690 1785 886 1837 additque
916 1784 1108 1836 Dionysii
1133 1784 1264 1825 Halic.
1297 1786 1348 1826 T.
1365 1785 1416 1825 II.
1450 1800 1492 1838 p.
1517 1788 1582 1827 83.
1610 1786 1642 1836 ἦ

311 1843 444 1897 λῆψις
461 1841 542 1882 τῶν
563 1840 1018 1894 παρακολουθούντων.

392 1902 436 1938 ὲκ
468 1897 539 1946 τῆς
566 1896 775 1946 ἀληθείας
801 1895 945 1948 αὐτῆς]
985 1897 1112 1935 Recte
1134 1895 1273 1935 Morus
1290 1896 1433 1936 vertit.
1464 1896 1560 1937 Vid.
1582 1897 1639 1936 ad-

309 1955 378 2002 34,
403 1967 435 1992 1.
993 1958 999 1960 “

324 2029 328 2045 ;
394 2008 494 2050 Ποῦ
511 2009 555 2050 δὲ
575 2007 651 2058 τήν
663 2007 823 2062 ἀρετήν
843 2007 1146 2050 ἀποδείκνυται
1155 2008 1186 2060 ,·]
1218 2007 1346 2047 Recte
1364 2007 1509 2055 Faber,
1530 2006 1634 2047 tazi-

307 2080 383 2116 την
403 2064 480 2114 τήν
501 2064 666 2118 αἱρετήν.
725 2064 944 2116 Dionysius
961 2064 1173 2108 Halicarn,
1208 2064 1251 2102 in
1275 2063 1423 2115 Lysia:
1468 2062 1560 2104 Νῦν
1591 2064 1638 2103 δὲ

306 2120 535 2165 ὁπλοῦτος
558 2122 638 2162 τῶν
657 2123 812 2174 κυρίων
832 2119 1054 2175 ὀνομάτων
1076 2125 1120 2159 ἐκ
1145 2119 1301 2168 πολλῆς
1321 2119 1434 2169 αὐτῷ
1450 2117 1632 2170 ‘mycon-

306 2181 407 2221 σίας
433 2178 920 2218 ΑΠΟΔΕΙΚΝΤΤΑΙ
939 2177 1194 2216 'PAYTHN
1214 2177 1346 2216 ΤΗΝ
1363 2176 1634 2215 ΛΡΕΊἨΝ.

306 2234 343 2271 Τ
345 2246 508 2276 ovmvs,
564 2233 647 2285 Ego
664 2246 836 2285 prorsus
857 2245 941 2270 non
957 2245 1171 2282 assequor,
1201 2231 1406 2283 quomodo
1427 2231 1509 2270 iam
1529 2231 1634 2268 'rol-

305 2289 386 2328 Iius
403 2296 446 2327 et
462 2288 682 2328 Hudsonus
705 2301 726 2326 e
745 2288 989 2326 coniectura
1005 2285 1131 2325 Fabri
1152 2286 1306 2335 ταύτην
1329 2287 1481 2325 addere
1505 2285 1636 2324 susti*

305 2345 500 2393 maerim,
531 2352 572 2383 et
592 2358 666 2383 cur
687 2343 825 2382 Morus
846 2343 956 2381 1111111
988 2342 1102 2380 aliud
1133 2342 1185 2380 iis
1215 2343 1478 2394 opposuerit,
1506 2356 1635 2393 quam.

304 2400 409 2449 hoc,
451 2400 563 2451 quod
588 2399 788 2438 articulus
819 2399 907 2437 vim
931 2398 1191 2449 pronominis
1219 2399 1442 2436 demonstr.
1468 2398 1631 2436 habeat.

264 2467 267 2469 ’
303 2455 519 2496 Nimirum
546 2455 742 2493 vniuerse
763 2454 843 2493 1100
863 2454 1142 2505 praecipitur,
1177 2454 1382 2492 adiunctis
1402 2467 1544 2492 rerum
1562 2453 1630 2499 ies

307 2524 402 2550 esse
419 2511 687 2550 declarandas
707 2517 749 2548 et
768 2509 1074 2561 exprimendas.
1129 2510 1212 2548 lam
1230 2522 1315 2548 non
1335 2523 1505 2560 magnae
1525 2508 1629 2546 artis

306 2573 384 2615 est,
418 2581 466 2605 ac
499 2580 628 2619 paene
669 2566 826 2604 nullius
864 2566 984 2614 arm,
1022 2565 1102 2603 hoc
1132 2572 1406 2617 praeceptum
1433 2577 1552 2602 nosse
1583 2570 1632 2601 eb

305 2624 542 2662 obseruare.
601 2622 682 2662 Sed
712 2621 739 2670 ἡ
760 2620 886 2674 cipeto}
916 2622 1014 2669 siue,
1050 2627 1097 2659 vt
1125 2621 1164 2675 ᾗ.
1198 2622 1222 2659 5
1254 2628 1359 2660 extr.
1387 2620 1558 2666 dicitur,
1575 2651 1578 2653 .
1595 2617 1627 2667 ἦ

306 2677 450 2731 ἑξοχή,
481 2679 594 2733 quod
621 2681 840 2719 maximum
871 2685 930 2717 est
954 2680 999 2715 in
1017 2685 1125 2727 arte,
1153 2677 1340 2717 ,cernitur
1358 2676 1402 2715 in
1421 2675 1625 2714 adiunctis
