1752 3118
337 316 770 370 IN'FR'ONTE
803 315 1151 367 LONGINI.
1252 340 1424 374 chvu

96 453 221 500 >latae
243 447 482 512 exemplar
511 443 908 517 pulcherrimum,
945 441 1005 491 ad
1038 444 1172 491 cuius
1201 445 1428 496 imitatio-

100 536 207 565 nem
227 517 297 563 ita
307 532 356 562 se
376 523 724 578 componerent
743 511 1030 588 posteriores
1051 511 1270 570 artifices,
1301 528 1352 561 vt
1366 516 1424 563 ab

105 587 192 632 illo
218 582 471 629 deflectere
496 593 542 627 et
555 578 770 627 Veneres
792 580 902 625 artis
924 577 1184 643 postmodo
1203 592 1331 626 natas
1354 600 1427 630 se.

102 651 210 716 qui,
266 649 394 696 nefas
434 647 676 694 haberent.
747 646 905 710 Atque
939 645 1037 693 huc
1079 647 1178 693 fere
1222 645 1427 697 redeunt

102 717 282 778 omnia,
305 732 426 779 quae
447 713 538 761 de
525 713 717 775 ingenio
737 712 946 778 quodam
968 713 1228 760 austeriore
1244 714 1296 760 in
1315 715 1427 762 artis

101 784 324 847 operibus
350 781 478 846 apud
501 782 724 844 antiquos
748 778 1092 845 conspiciendo
1126 782 1272 843 (vom
1291 785 1427 830 alten

100 852 443 910 Kirclzen-stil)
462 847 610 896 hodie
633 846 862 911 disputari
886 862 1053 911 coepta
1073 862 1194 895 sunt.

186 917 320 964 Haec
341 934 450 963 cum
467 914 654 978 legeris,
670 913 884 977 Weigeli
906 914 1203 977 amicissime,
1228 933 1430 978 quaeres

100 984 299 1032 forsitan
312 1020 328 1043 ‚
363 983 469 1048 quis
492 983 676 1030 fructus
705 997 760 1028 ex
781 980 878 1028 hoe
907 998 1141 1030 marmore
1162 980 1223 1029 ad
1247 983 1431 1047 Longi-

101 1070 218 1099 num
231 1050 427 1111 Tuum,
459 1049 600 1097 liceat
618 1048 746 1096 enim
771 1047 931 1096 adhuc
956 1048 1053 1096 hoc
1076 1049 1269 1097 nomine
1291 1063 1434 1098 com-¹

102 1119 297 1194 pellare,
330 1135 634 1193 quamquam
640 1117 764 1163 bene
787 1115 903 1178 scio,
928 1114 1093 1163 litem
1079 1134 1174 1163 iam
1197 1116 1312 1163 huic
1338 1134 1433 1165 no-

101 1186 222 1233 mim
239 1184 422 1232 moueri
443 1181 784 1247 grauissimam,
808 1183 886 1230 vel
906 1179 974 1228 311
986 1200 1075 1229 nos
1096 1183 1227 1245 ipsos
1253 1183 1434 1232 redun-

105 1251 216 1299 dare
249 1249 433 1314 possit?
477 1249 703 1312 Aequum
736 1249 960 1313 postulas
1021 1249 1187 1297 Nolim
1219 1250 1348 1296 enim
1379 1251 1434 1298 in

103 1335 191 1366 nos
216 1317 310 1364 dici
324 1352 338 1377 ,
375 1314 507 1381 quod
527 1315 698 1364 Cicero
716 1315 779 1363 ait
798 1314 858 1362 ad
870 1315 1087 1364 Atticum
1113 1315 1284 1382 (XIII,
1312 1321 1391 1365 52.
1395 1324 1433 1381 ),

102 1402 193 1432 nos
210 1384 332 1432 velle
350 1382 654 1444 πομπεῦσαι
676 1388 782 1439 τοῖς
804 1382 1109 1447 προσώποις,
1134 1402 1164 1430 1.
1190 1401 1228 1431 3.
1249 1384 1435 1448 magnis

102 1452 323 1516 personis
346 1448 630 1497 inducendis
654 1449 781 1510 libro
805 1450 975 1512 exigno
1002 1450 1263 1497 lenocinari
1287 1465 1333 1497 et
1351 1469 1435 1499 or-

106 1532 324 1565 namenta
351 1533 576 1581 quaerere
597 1504 841 1563 adscititia.
879 1516 1194 1564 Citharoedus
1215 1516 1434 1582 quidem,

106 1585 304 1634 victoria
333 1584 637 1644 nobilitatus,
681 1582 802 1630 sed
789 1602 837 1630 in
860 1583 1011 1648 gloria
1038 1583 1355 1649 aucupanda
1342 1603 1435 1632 im-

105 1651 347 1709 modicus,
383 1649 662 1714 Apollinem
683 1667 734 1696 se
756 1649 1052 1712 Musagetam
1074 1651 1190 1714 fingi
1212 1652 1261 1697 in
1280 1653 1436 1699 comi-

106 1731 203 1765 tatu
231 1716 426 1765 dearum
454 1714 842 1781 splendidissimo
865 1717 1030 1765 voluit.
1101 1717 1235 1774 Quid
1249 1718 1348 1765 ]103
1373 1717 1438 1766 311

104 1783 217 1833 me?
265 1785 420 1848 inquit
456 1782 703 1847 Longinus
730 1795 907 1831 noster.
959 1783 1026 1832 Τί
1053 1787 1155 1847 γάρ
1189 1787 1310 1848 ἐμοὶ
1340 1789 1437 1834 καὶ

106 1858 212 1909 τοῖς
229 1857 453 1916 μακροῖς
473 1850 683 1910 αὐλοῖς,-
721 1849 883 1898 Audio
898 1886 912 1911 ,
962 1868 992 1897 o
1015 1851 1170 1914 bone,
1206 1852 1292 1899 sed
1314 1871 1438 1901 non-

104 1937 166 1969 ne
190 1937 350 1967 sensus
375 1916 490 1966 Tibi
517 1934 736 1981 quoque,
773 1917 1221 1983 quomodocunque
1242 1919 1438 1967 1311113111

109 1986 388 2051 appelleris,
463 1984 715 2033 sublimior
760 1999 807 2032 et
851 2002 961 2033 vere
1002 1985 1433 2047 ,ιιουσιλνώτατοᾳ7

108 2053 283 2101 Nonne
307 2052 422 2100 Tibi
451 2069 648 2117 quoque
669 2065 856 2116 praesto
878 2067 948 2100 est
973 2051 1137 2100 eadem
1160 2052 1275 2114 dea,
1311 2071 1436 2118 quae

109 2120 294 2167 eximiis
312 2120 440 2167 fauet
459 2119 709 2166 hominum
738 2120 987 2167 conatibus
1015 2134 1062 2166 et
1080 2137 1301 2168 successu
1322 2122 1437 2168 illos

109 2187 334 2235 exhilarat
364 2186 650 2244 laetissimo,
686 2185 939 2234 Victoria?
994 2186 1120 2234 Nam
1142 2187 1191 2234 in
1215 2187 1289 2235 Te
1313 2192 1441 2251 quo*—

111 2271 204 2318 que
235 2253 385 2314 cadit,
421 2251 555 2319 quod
587 2252 687 2317 ipse
716 2270 814 2300 nou
845 2253 947 2301 sine
980 2254 1105 2303 miro
1132 2254 1436 2303 sublimitatis

110 2421 228 2451 nitum
254 2428 314 2452 cst.
359 2420 460 2452 Valet
486 2421 593 2461 igitur
612 2419 670 2451 hic
694 2430 857 2461 quoque,
892 2419 989 2462 quod
1012 2431 1095 2452 cum
1121 2422 1156 2452 in
1179 2421 1257 2452 aliis
1275 2420 1440 2461 sciiptisj

111 2472 190 2495 tum
208 2466 243 2495 in
267 2465 564 2496 commentatione
588 2465 791 2496 doctissima
816 2444 860 2495 311
883 2464 955 2496 duo
977 2476 1084 2507 opera
1105 2467 1290 2503 tessellata,
1315 2476 1437 2496 reeens

112 2510 226 2539 11111535
233 2533 240 2545 ,
262 2510 399 2540 monuit
416 2506 642 2548 γιεοοηὶἰαε,
663 2506 924 2540 Osservazioni
941 2519 985 2539 su
1005 2508 1075 2539 due
1094 2507 1273 2541 mosaiclai
1291 2506 1439 2539 antcchi

111 2550 274 2592 (Faunae
299 2551 419 2593 1788.)
447 2553 554 2596 Ρ.49.
589 2561 711 2585 11013111
734 2564 802 2584 esse
830 2555 1063 2586 certissimam
1084 2554 1267 2596 archetypi
1288 2554 1437 2585 alicuius

111 2599 148 2629 in
170 2600 380 2640 antiquitate
401 2597 503 2629 *alde
525 2597 724 2636 nohilitati,
746 2599 775 2629 si
792 2600 827 2629 iu
848 2600 955 2640 plui-‘t
974 2598 1172 2631 incidamus
1191 2605 1435 2636 monumenta,

113 2641 209 2672 idom
233 2650 481 2684 argumentum
502 2641 625 2673 eodeni
645 2642 753 2673 modo
778 2646 976 2676 tractantia.
1022 2644 1117 2675 Nam
1138 2655 1225 2685 quae
1250 2642 1436 2673 manifesta

113 2687 149 2718 in
183 2688 222 2718 iis
250 2690 478 2729 reperiuntur
507 2688 713 2718 imitationis
736 2690 902 2729 vestigia,
939 2690 1118 2725 clamant,
1144 2689 1314 2718 exstitisse
1346 2687 1435 2717 olim

113 2742 199 2771 opus
216 2733 501 2766 excellentissimi
514 2733 666 2770 artifici»,
682 2730 776 2774 quod
789 2735 951 2765 certatim
961 2735 1201 2775 exprimerent
1215 2733 1435 2764 recentiores.
